4975 6149
1184 623 1417 673 Ξ

1188 702 1253 754 Δ.
1275 704 1336 752 U.
1354 702 1418 752 C.

1232 802 1376 878 807.

1235 920 1285 969 J.
1320 920 1380 968 C.

1255 1027 1357 1092 54·

1479 459 1644 519 102
2006 428 2106 516 C.
2224 422 3058 518 CORNELII
3170 425 3746 516 TACITI

1465 620 1692 685 erant
1718 627 1738 678 ε
1769 594 1948 706 qui,
1976 619 2069 679 ut
2094 593 2323 711 famae
2359 590 2781 701 inserviret
2805 650 2836 696 ‚
2861 621 3032 703 quae
3073 592 3160 675 in
3189 597 3424 679 novis
3459 595 3752 711 coeptis
3779 587 4246 687 validissima

1464 728 1623 828 est,
1672 723 1960 807 itinere
2014 721 2354 835 propere
2401 719 2777 805 confer
2799 778 2829 822 ‚
2898 719 3112 834 apud
3159 723 3478 833 AEgaeas
3515 733 3537 768 ¹
3569 782 3599 824 ‚
3652 722 4069 807 civitatem
4113 725 4244 809 Ci-

1465 851 1712 953 liciae,
1757 846 2091 932 obvium
2128 847 2636 959 Quadratum
2685 843 2969 929 habuit
2993 905 3023 949 ‚
3053 843 3254 930 illuc
3297 848 3833 961 progressum,
3865 879 4012 953 ne,
4046 851 4108 932 si
4141 852 4244 937 ad

1465 974 1976 1092 accipiendas
2043 977 2320 1088 copias
2374 976 2689 1084 Syriam
2737 972 3176 1057 intravisset
3225 971 3650 1079 Corbulo,
3707 979 4072 1059 omnium
4103 1008 4244 1063 ora

1461 1109 1549 1188 in
1593 1103 2058 1188 sesterteret
2081 1161 2109 1204 ,
2153 1129 2497 1215 corpore
2548 1102 2834 1210 ingens
2859 1158 2886 1200 ,
2951 1096 3217 1182 verbis
3274 1101 3752 1212 magnificus
3784 1162 3814 1206 ‚
3868 1111 3949 1186 ὃς
4012 1105 4246 1221 super

1461 1231 2045 1345 experientiam
2072 1228 2751 1342 sapientiamque,
2794 1225 3038 1308 etiarn
3083 1225 3352 1339 specie
3401 1229 3762 1311 inanium
3816 1227 4129 1313 validus
4178 1239 4237 1314 ².

1586 1355 1755 1440 IX.
1822 1354 1895 1438 C
1912 1349 2302 1437 ET‘ERuM
2357 1379 2693 1463 uterque
2746 1350 3224 1464 Vologesen
3276 1382 3554 1465 regem
3612 1357 3916 1439 nuntiis
3970 1377 4244 1441 mone-

1461 1483 1658 1570 bant
1683 1544 1711 1587 ,
1769 1517 1814 1557 c<
1845 1511 2132 1596 pacem
2183 1476 2421 1590 quam
2466 1475 2778 1561 bellum
2824 1476 3155 1577 mallet3
3199 1479 3560 1592 datisque
3612 1479 4055 1587 obfidibus,
4108 1483 4242 1569 so·-

1462 1645 1510 1690 >›
1528 1610 1754 1695 litam
1780 1605 2176 1722 prioribus
2204 1607 2738 1690 reverentiam
2769 1607 2854 1687 in
2895 1604 3292 1719 populum
3319 1609 3787 1692 Romanum
3812 1612 4243 1694 continua-

1462 1763 1652 1820 »ret
1677 1770 1723 1811 »
1746 1798 1765 1817 .
1797 1732 1903 1816 Et
1932 1731 2423 1844 Vologeses,
2455 1736 2620 1843 quo
2672 1724 2981 1816 bellum
3012 1760 3115 1817 ex
3163 1733 3603 1818 commodo
3635 1761 3984 1849 pararet,
4014 1767 4115 1820 an
4148 1761 4239 1820 ut

1462 1859 1992 1945 aemulationis
2032 1859 2431 1973 suspe&os
2484 1889 2627 1973 per
2682 1890 2982 1944 nomen
3049 1858 3410 1946 obsidum
3464 1889 3931 1966 amoveret,
3996 1863 4238 1946 tradit

1463 1986 1989 2073 nobilissimos
2022 2014 2123 2069 ex
2162 1980 2466 2069 familia
2505 1985 3097 2071 Arsacidarum.
3140 1990 3650 2102 Accepitque
3688 2019 3827 2074 eos
3869 1990 4237 2074 centurio

1463 2116 1860 2201 Histerius
1888 2171 1916 2214 ,
1952 2110 2049 2196 ab
2101 2112 2518 2194 Ummidio
2556 2112 2825 2195 missus
2856 2113 3068 2196 forte
3097 2116 3315 2226 prior
3350 2172 3378 2215 ,
3431 2111 3525 2197 ea
3574 2114 3675 2220 de
3726 2117 3964 2198 causa
4020 2116 4239 2199 adito

1457 2268 1682 2350 rege.
1738 2236 1992 2348 Quod
2046 2238 2460 2347 postquam
2508 2234 2967 2320 Corbuloni
3024 2241 3446 2349 cognitum
3499 2240 3657 2334 est3
3726 2241 3913 2322 «ire
3943 2275 3989 2315 »
4058 2269 4242 2352 prae·

1460 2366 1759 2448 fcitum
1805 2363 2170 2446 cohortis
2211 2362 2541 2444 Arrium
2577 2362 2930 2466 Varum,
2983 2397 3028 2438 «
3060 2372 3142 2447 &
3192 2367 3638 2480 reciperare
3688 2363 3994 2449 obfides
4019 2401 4064 2442 »
4107 2362 4236 2473 ju-

1463 2489 1625 2576 bet.
1657 2492 1886 2576 Hinc
1921 2515 2191 2572 ortum
2234 2491 2441 2573 inter
2472 2489 2922 2603 praefeEtum
2961 2499 3043 2574 ὅ(
3083 2495 3643 2577 centurionem
3677 2487 4028 2603 jurgium
4053 2517 4093 2595 ,“
4137 2519 4241 2576 ne

1465 2618 1762 2703 diutius
1807 2617 2155 2701 externis
2208 2613 2662 2730 spefiiaculo
2724 2618 2965 2721 esset,
3026 2615 3440 2701 arbitrium
3489 2622 3605 2703 rei
3671 2616 4070 2702 obsidibus
4122 2615 4239 2702 le·-

1468 2745 1859 2858 gatisque‚
1887 2744 2025 2853 qui
2050 2772 2190 2826 eos
2228 2740 2635 2827 ducebant
2656 2799 2686 2847 ,
2716 2743 3201 2858 permissum.
3231 2748 3500 2856 Atque
3533 2742 3654 2828 illi
3682 2743 3785 2828 ob
3824 2770 4235 2830 recentem

1467 2869 1808 2983 gloriam
1831 2930 1861 2974 ‚
1908 2877 1992 2953 ὃς
2024 2865 2553 2953 inclinatione
2582 2872 2925 2980 quadarn
2962 2874 3207 2956 etiam
3236 2874 3581 2954 hostium
3605 2932 3632 2974 ,
3674 2868 4235 2954 Corbulonem

1467 2994 1909 3113 praetulere.
1961 2995 2196 3080 Unde
2242 2996 2640 3082 discordia
2691 3001 2897 3084 inter
2955 2997 3201 3084 duces
3245 3033 3261 3081 :
3322 3024 3707 3111 querente
3761 2997 4233 3101 Ummidio,

1481 3160 1529 3202 c<
1558 3123 2341 3241 praerepta,quae,suis
2372 3123 2721 3210 consiliis
2752 3126 3208 3242 patravisset
3230 3162 3274 3203 »
3309 3155 3332 3222 3
3363 3129 3694 3210 testante
3723 3122 4006 3210 contra
4029 3123 4234 3208 Cor-

1468 3249 1812 3352 bulone,
1880 3282 1926 3325 c<
1956 3280 2122 3333 non
2160 3252 2372 3364 prius
2407 3253 2887 3335 conversum
2927 3282 3202 3365 regem
3232 3252 3330 3337 ad
3379 3252 3837 3337 offerendos
3876 3249 4180 3335 obfides
4204 3308 4236 3355 ,

1465 3376 1771 3490 »quam
1798 3375 1966 3490 ipse
2007 3376 2173 3460 dux
2203 3373 2427 3461 bello
2460 3374 2852 3483 delenitus,
2891 3380 3065 3494 spes
3096 3376 3265 3485 ejus
3298 3379 3395 3462 ad
3434 3404 3738 3461 metum
3777 3403 4123 3460 mutaret
4146 3411 4192 3453 >2
4213 3394 4239 3462 .’

1463 3509 1696 3592 Nero
1722 3562 1752 3606 ‚
1810 3506 1971 3612 quo
2037 3531 2568 3618 componeret
2627 3506 3033 3607 diversOS,
3095 3505 3202 3588 fic
3260 3502 3623 3616 evulgari
3678 3500 3887 3612 juffit
3933 3538 3953 3584 ε
4018 3501 4232 3585 «Ob

1466 3660 1657 3714 »res
1725 3659 1770 3711 a
1823 3628 2241 3738 Quadrato
2307 3638 2391 3714 ὃ(
2451 3628 2926 3717 Corbulone
2979 3629 3358 3744 prospere
3398 3633 3650 3745 gestas
3666 3691 3693 3733 ,
3734 3627 4049 3715 laurum
4092 3628 4235 3712 fass

1466 3755 1761 3842 »cibus
1788 3754 2330 3869 Imperatoriis
2376 3766 2400 3816 ³
2460 3756 2765 3843 addi».
2822 3759 3025 3870 Quae
3074 3758 3159 3839 in
3214 3752 3415 3844 alios
3461 3753 3828 3843 consules
3885 3754 4181 3865 egressa
4203 3812 4235 3859 ,

1469 3883 1892 3988 conjunxi.

1592 4007 1704 4094 X.
1768 4006 2128 4092 EODEM
2178 4036 2392 4093 anno
2442 4008 2703 4093 Caesar
2776 4043 2823 4085 «
2860 4008 3217 4119 effigiem
3268 4007 3422 4091 Cn.
3482 4007 3930 4092 Domitio*
3972 4008 4235 4122 patri,

1549 4263 1569 4293 ¹
1618 4254 1796 4315 Arun
1839 4253 2138 4329 AEGAEAs]
2175 4254 2432 4334 AEgaeae,
2476 4273 2614 4335 quae
2672 4250 2813 4332 plu·
2891 4245 3237 4310 materiem.

1474 4330 1648 4396 rimis
1704 4336 1871 4412 AEgae
1910 4330 2204 4394 dicuntur
2236 4378 2254 4406 ,
2315 4331 2461 4395 urbs
2502 4329 2811 4395 maritima
2974 4336 2994 4380 3
3043 4327 3334 4388 Laurum
3375 4343 3663 4388 nscmus
3711 4324 4236 4403 Inanimum]

1477 4411 1717 4475 Ciliciae
1734 4409 2116 4489 campestris,
2140 4430 2307 4473 nunc
2335 4410 2485 4473 Aias
2499 4409 2653 4471 kala.
2892 4404 3067 4468 Olim
3110 4403 3377 4486 Augusto
3420 4404 3719 4467 diRatura
3747 4402 3817 4465 ὃ(
3841 4403 4236 4484 vigintiqua-

1552 4499 1579 4530 ²
1620 4494 1840 4553 Sucuz
1888 4511 2160 4553 imnum
2201 4490 2530 4565 vannus]
2555 4488 2814 4569 Egregie
2892 4502 3040 4549 tuor
3062 4481 3249 4547 fasces
3272 4482 3545 4558 decreti,
3575 4482 3706 4545 Dio
3733 4484 3898 4545 LIV.
3923 4502 4056 4572 pag.
4092 4500 4233 4560 52¹·

1475 4567 1728 4631 dietum.
1763 4571 1919 4632 Non
1957 4571 2152 4634 modo
2195 4568 2581 4658 experientia
2626 4568 2695 4631 ὃ(
2732 4567 2816 4628 sa-
2893 4564 3103 4627 Postea
3164 4560 3554 4626 consularem
3591 4610 3610 4638 ,
3697 4561 3846 4622 dum
3925 4574 4168 4621 viveret
4210 4604 4231 4633 ,

1474 4646 1749 4724 pientia,
1788 4648 1891 4710 sed
1932 4649 2120 4713 etiam
2153 4648 2531 4711 ludicrarum
2560 4648 2630 4710 &
2674 4645 2815 4709 ina-
2891 4643 3301 4724 potestatem,
3339 4642 3410 4705 δε
3460 4641 3795 4704 duodec1m
3835 4634 4023 4725 fasc-es
4060 4654 4237 4727 acce-

1475 4722 1654 4784 nium
1702 4744 1906 4814 rerum
1956 4728 2157 4808 specie
2210 4728 2606 4807 praecellebat
2652 4727 2818 4788 Cor·
2893 4722 3021 4863 pit,
3066 4720 3195 4786 Dio
3230 4722 3395 4784 le.
3433 4739 3568 4799 pag.
3600 4738 3738 4798 527.
3772 4716 3881 4776 Ob
3905 4717 4236 4776 vfflonam

1473 4801 1654 4862 bule.
1687 4803 1916 4882 Aliqua
1945 4806 2229 4870 inanium
2276 4806 2505 4886 species
2546 4806 2817 4867 summos
2917 4821 3067 4864 auro
3104 4815 3360 4863 ornatos
3398 4795 3585 4859 fasces
3618 4794 3823 4875 paffim
3878 4809 4238 4859 memorant

1474 4876 1647 4939 viros
1709 4879 1938 4942 decet:
1987 4886 2191 4961 placet
2233 4903 2317 4963 po
2363 4886 2472 4948 ulo
2517 4906 2535 4943 ε
2582 4883 2818 4963 probos
2893 4879 3236 4958 scriptores.
3272 4874 3435 4939 Vide
3464 4873 3627 4957 ‚Plirb
3665 4875 3824 4945 xv,
3880 4890 3975 4961 39,-

1474 4955 1749 5022 obleetat
1766 4978 1782 5015 ε
1800 4959 2061 5024 morosis
2083 4963 2294 5026 levem
2310 4904 2417 5027 gat
2438 4961 2819 5027 criminandi
2969 4966 3003 5009 ⁴
3043 4958 3098 5020 C
3113 4977 3173 5024 n.
3214 4955 3275 5020 D
3292 4976 3333 5020 o
3354 4973 3401 5015 u
3423 4974 3445 5016 ι
3464 4974 3504 5017 τ
3522 4973 3544 5015 ι
3568 4954 3659 5031 o]
3719 4950 4040 5017 Domitius
4056 4993 4079 5029 ‚
4096 4950 4237 5024 Ne!
