4975 6149
853 372 1504 463 ANNALIUM
1564 373 1914 462 LIBER
1975 376 2493 469 DEchus
2561 372 3096 499 QUINTUS.
3210 419 3389 490 229

599 538 859 649 ,risque
887 537 1342 654 porticibus
1378 550 1452 643 ¹,
1490 569 1656 650 quae
1684 540 2036 624 frontem
2066 538 2505 625 insularum
2545 576 3087 662 protegerent.
3152 583 3197 626 α
3224 549 3379 635 Eas
3431 581 3666 624 Ξ

596 699 649 757 ρ)
668 669 1039 780 porticus
1076 701 1124 743 »
1166 670 1398 751 Nero
1463 664 1674 749 «sua
1719 663 2068 781 pecunia
2130 669 2701 755 exstruclurum
2753 733 2779 777 ‚
2855 678 3382 789 purgatasque

604 822 890 877 »areas
932 794 1286 877 dominis
1337 792 1813 877 traditurum
1851 827 1941 897 »,
2002 790 2419 908 pollicitus
2475 797 2609 880 est.
2672 799 3008 885 Addidit
3069 808 3383 917 praemia

605 948 753 1033 pro
829 916 1218 1029 cujusque
1274 917 1557 1003 ordine
1607 977 1637 1025 ,
1706 929 1789 1004 ὃς
1858 922 1974 1004 rei
2043 918 2458 1006 familiaris
2535 927 2792 1038 copiis
2853 960 2870 1009 ε
2951 930 3375 1041 finivitque

510 1070 554 1150 5
611 1070 926 1159 tempus
969 1054 1029 1150 ²,
1084 1047 1297 1130 intra
1330 1046 1589 1157 quod,
1636 1048 1937 1130 effeffis
1967 1046 2338 1132 domibus
2372 1108 2398 1152 ‚
2441 1075 2578 1134 aut
2612 1048 2940 1157 insulis,
2980 1053 3376 1169 adipisce-

605 1200 908 1258 rentur.
980 1206 1027 1248 κ
1060 1172 1374 1257 Ruderi
1408 1174 1890 1286 accipiendo
1934 1184 1956 1232 ³
2004 1176 2407 1260 Ostienses
2437 1173 2768 1290 paludes
2799 1213 2842 1255 >>
2897 1178 3380 1291 destinabat,‘

604 1333 667 1389 ,ιι
692 1300 971 1409 utique
997 1328 1240 1382 naves
1265 1359 1292 1401 ,
1350 1329 1518 1409 quae
1554 1298 2049 1383 frumentum
2079 1300 2360 1385 Tiberi
2410 1302 2980 1388 subveElaffent
3002 1366 3031 1409 ,
3078 1313 3371 1392 onustae

609 1425 954 1508 »rudere
1018 1425 1562 1509 decurrerent.
1646 1427 2186 1536 AEdificiaque
2254 1429 2421 1541 ipsa
2469 1428 2686 1513 certa
2728 1431 2845 1512 sui
2902 1460 3175 1545 parte,
3211 1436 3374 1522 fine

611 1583 655 1626 »
675 1548 1064 1654 trabibuS,
1112 1552 1302 1635 saxo
1342 1551 1668 1635 Gabino
1696 1549 2125 1637 Albanove
2155 1563 2193 1612 4
2226 1551 2759 1639 solidarentur
2784 1563 2809 1659 (
2834 1560 3051 1668 quod
3080 1564 3143 1644 is
3168 1560 3372 1676 lapis

471 1702 564 1756 10
612 1674 993 1787 »ignibus
1022 1679 1456 1791 impervius
1495 1679 1679 1779 est).
1720 1680 1902 1769 Jam
1930 1710 2130 1790 aqua
2182 1682 2675 1793 privatorum
2723 1680 3056 1768 licentia
3123 1689 3372 1774 inter-

610 1830 912 1916 »cepta
945 1813 1005 1906 5,
1032 1808 1193 1915 quo
1237 1803 1584 1915 largior,
1625 1812 1708 1888 ὃ(
1758 1803 2119 1919 pluribus
2165 1802 2371 1891 locis
2412 1811 2497 1891 in
2547 1807 2963 1923 publicum
3017 1812 3303 1899 flueret
3341 1831 3379 1918 3

609 1962 653 2007 »
675 1930 1037 2015 custodes
1064 1964 1081 2012 :
1106 1939 1188 2015 &
1242 1928 1578 2015 subfidia
1607 1933 2132 2045 reprimendis
2172 1933 2494 2044 ignibus
2518 1994 2544 2038 ‚
2585 1938 2670 2016 in
2694 1937 3126 2050 propatulo
3155 1941 3371 2051 quis-

612 2085 829 2164 »que
853 2055 1177 2141 haberet
1200 2085 1224 2153 3
1251 2087 1404 2142 nec
1432 2062 2016 2143 communione
2045 2064 2482 2174 parietum,
2511 2060 2648 2144 sed
2676 2067 3013 2176 propriis
3043 2095 3371 2177 quaeque

610 2184 912 2266 »muris
983 2183 1473 2267 ambirentur
1522 2181 1558 2229 ⁶
1605 2219 1692 2268 ».
1744 2184 1862 2269 Ea
1914 2215 2017 2270 ex
2056 2182 2407 2271 utilitate
2466 2212 2861 2300 accepta,
2915 2188 3297 2275 decorem
3335 2255 3371 2296 ,

472 2329 497 2383 ι
516 2328 573 2408 5·
610 2338 927 2419 quoque
959 2339 1188 2392 novae
1213 2309 1410 2393 Urbi
1443 2308 1809 2395 attulere.
1854 2311 2105 2397 Erant
2141 2338 2413 2396 tamen
2456 2314 2593 2421 qui
2632 2313 3052 2399 crederent
3076 2378 3103 2419 ,
3148 2352 3194 2394 «
3220 2347 3368 2403 ve-

604 2461 922 2520 »terem
954 2433 1178 2520 illam
1208 2437 1556 2557 formam
1585 2435 2026 2523 salubritati
2059 2448 2089 2496 ⁷
2127 2442 2382 2553 magis
2422 2438 2892 2525 conduxisse
2917 2502 2946 2547 ,
2983 2448 3368 2552 quoniam

601 2749 606 2754 ,
682 2693 702 2723 ¹
753 2684 1155 2757 AnnrrrsQue
1205 2685 1625 2760 ron-merrus]
1679 2687 1940 2749 Sueton.
2015 2701 2112 2750 ret
2134 2732 2153 2761 ‚
2192 2683 2323 2765 quo
2352 2683 2586 2768 largior
2611 2686 2682 2751 8(
2711 2687 2992 2766 pluribus
3025 2687 3095 2751 in
3119 2686 3278 2752 locis
3295 2686 3365 2752 in

604 2757 671 2824 in
705 2764 857 2825 Ner.
904 2765 1071 2825 XVI.
1115 2761 1368 2823 Formam
1398 2761 1754 2842 aedtficiorum
1776 2763 1944 2825 Urbis
2058 2762 2341 2827 ublicum
2400 2767 2624 2828 flueret
2659 2786 2674 2825 ε
2713 2767 2975 2846 quisque
3026 2766 3215 2830 etiam
3238 2764 3369 2831 Saa-

600 2859 802 2900 novam
855 2841 1197 2923 excogitavit
1223 2888 1244 2919 ,
1294 2841 1356 2902 Cr·
1383 2860 1442 2901 ur
1470 2860 1602 2901 ante
1633 2841 1843 2922 infidas
1874 2862 1943 2901 ac
2014 2786 2194 2906 beret
2211 2842 2276 2902 in
2294 2844 2630 2921 propatulo
2652 2888 2671 2916 ‚
2704 2843 2808 2905 seu
2836 2846 2905 2905 in
2926 2844 3151 2909 aedium
3186 2845 3367 2908 vesti-

600 2917 785 2979 domos
819 2920 1066 2996 porticus
1104 2920 1266 3002 effent
1300 2968 1321 2998 ,
1379 2918 1445 2979 de
1483 2940 1709 2999 quarum
1714 2920 1944 3001 fhlariis
2012 2922 2179 2984 bulis
2231 2967 2251 2996 ,
2310 2919 2575 2983 subfidia
2626 2921 3037 3000 reprimendis
3093 2924 3366 3004 ignibus.

598 2995 861 3059 incendia
892 3018 1214 3059 arcerentur
1243 3024 1261 3058 .·
1288 2999 1475 3079 easque
1481 3000 1704 3079 ficmptu
1711 3002 1816 3080 fico
1845 3019 1944 3061 ex·-
2014 3002 2110 3063 De
2134 2998 2355 3076 servis,
2390 3018 2687 3080 aquarum
2729 3000 3083 3062 custodibus
3107 3048 3126 3077 ,
3155 3003 3264 3081 qui
3295 3004 3368 3067 in.

584 3077 820 3159 struxit.
857 3078 1190 3161 Destinarat
1223 3080 1391 3139 eriam
1435 3077 1587 3158 Ostia
1623 3098 1783 3140 tenus
1812 3099 1943 3139 moe-
2015 3078 2536 3158 Inscriptionibus
2565 3098 2599 3140 a
2646 3079 2955 3168 pellantur
2969 3081 3313 3156 AQVARII
3341 3125 3366 3157 ,

595 3159 1033 3299 zlzliabprorctiwvere
1047 3204 1068 3236 ‚
1095 3177 1256 3239 atque
1276 3156 1405 3218 inde
1412 3156 1565 3237 jbssd
1593 3178 1745 3219 mare
1769 3159 1942 3221 veteri
2015 3159 2162 3221 vide
2183 3161 2342 3299 feltlr.
2360 3161 2582 3298 Bureri.1
2593 3098 2839 3219 Brisert.
2854 3158 3366 3298 ἀεὲζεᾶἰςειὶίβιις

597 3257 1046 3306 ‚mutuet-re.
2058 3258 2239 3301 our
2316 3256 2446 3300 om.
2590 3257 2905 3298 .a.21
3027 3258 3173 3297 22.

676 3328 703 3357 ²
753 3317 1147 3391 Fmvrrqun
1193 3336 1433 3380 ’raneos
1467 3320 1498 3393 ]
1542 3319 1710 3380 Intra
1729 3316 1939 3398 quod,
2015 3259 2052 3318 p
2093 3258 2141 3358 Σ
2162 3319 2592 3377 Amernnurun
2690 3257 2945 3377 Sgublgta
2966 3260 3365 3377 coriimunio-

595 3396 711 3478 qui
755 3396 984 3487 domos
1024 3442 1043 3486 3
1101 3410 1209 3456 aut
1265 3394 1531 3475 insulas,
1560 3396 1939 3474 effeciffent,
2013 3416 2096 3459 ne
2117 3394 2422 3487 parietum
2460 3441 2478 3466 ‚
2532 3393 2740 3484 rninus
2765 3408 2894 3456 erat
2917 3392 3365 3483 incendiorum

599 3473 1513 3643 P‘Y‘Rf3„³2‘{¹?¹s{5‡515¹1‘2¹¹13201
1582 3556 1942 3621 pomorum
2013 3472 3365 3641 5333&afsshss‘t‘it‘tssizfffffisssstfflgt

595 3642 736 3706 ¹rum
787 3631 1172 3695 rncensarum
1201 3679 1221 3709 ,
1266 3649 1402 3694 tum
1432 3639 1647 3698 recens
1677 3636 1944 3698 exstruc-
2014 3635 2128 3696 ΧΠ
2168 3631 2551 3695 Tabularum
2573 3671 2593 3700 ‚
2624 3630 2659 3691 s
2689 3645 2885 3692 atrum
2921 3644 3085 3692 mter
3129 3630 3362 3692 domos

594 3726 798 3775 tarum
832 3709 1154 3775 ruderibus
1201 3711 1587 3791 accipiendis
1608 3758 1629 3787 ‚
1666 3728 1736 3775 ut
1763 3714 1940 3794 palu·
2013 3710 2316 3774 insulasve
2347 3708 2416 3771 in
2436 3708 2620 3772 latitu
2667 3709 2837 3774 inem
2876 3707 3032 3771 duos
3059 3709 3243 3788 pedes
3289 3707 3364 3772 δε

594 3790 699 3854 des
732 3789 854 3854 illae
886 3789 1375 3881 complerentur.
1421 3790 1680 3854 Paludes
1700 3790 1820 3854 istae
1844 3792 1943 3854 ad·
2015 3790 2315 3855 semissem
2359 3789 2615 3869 patebat
2657 3834 2678 3863 ,
2732 3789 2813 3850 ad
2842 3785 3208 3849 liberiorem
3244 3785 3363 3850 cit-

592 3867 711 3933 huc
735 3869 1018 3934 visuntur
1045 3890 1111 3931 m
1131 3867 1237 3931 via
1256 3866 1518 3932 Ostienfi
1548 3916 1570 3948 ,
1617 3871 1805 3951 paulo
1842 3870 1940 3933 su-
2015 3866 2354 3932 cumeundi
2415 3864 2797 3929 facultatem.
2841 3867 3198 3929 AMBITVS
3234 3867 3362 3927 PA-

592 3967 700 4027 pra
727 3946 931 4011 lacurn
953 3947 1319 4010 Ostiensem.
2015 3947 2336 4012 RIETVM
2394 3946 2877 4008 SESTERTIVS
2940 3946 3071 4006 PES
3126 3945 3360 4006 ESTO.

670 4035 704 4075 4
744 4030 914 4088 Saxo
959 4029 1211 4090 Ganruo
1263 4029 1624 4092 Arnauove
1676 4049 1940 4090 soumi-
2013 4025 2176 4091 Vide
2229 4023 2698 4088 eruditiffimum
2736 4021 3156 4100 Briffonium,
3185 4023 3362 4086 Sele-

593 4109 900 4182 nem-un]
948 4105 1096 4168 Sine
1123 4105 1402 4167 trabibus
1431 4151 1450 4181 ,
1502 4106 1648 4170 saxo
1680 4107 1936 4171 Gabino
2013 4111 2120 4168 8(oe
2160 4126 2238 4168 ex
2285 4107 2428 4167 Jure
2463 4102 2663 4165 Civili
2698 4100 3152 4182 Antiquitates‚
3191 4104 3217 4161 1
3247 4148 3265 4173 ‚
3299 4124 3359 4163 2.

590 4183 972 4263 Albanoque
1016 4200 1452 4246 concamerata
1499 4184 1934 4249 solidarentur.
2013 4187 2087 4245 ln
2103 4186 2268 4246 Urbe
2287 4181 2561 4245 maxima
2590 4182 2660 4245 &
2690 4178 2885 4242 ferme
2914 4177 3360 4243 innumerabili

590 4262 1004 4350 Preterquam
1092 4262 1221 4323 uod
1257 4263 1520 4326 Gabinae
1554 4264 1937 4345 Albanaeque
2014 4263 2080 4325 id
2111 4260 2428 4325 observari
2451 4262 2579 4338 jam
2600 4258 2844 4340 pridem
2865 4255 3143 4319 deflerat.
3313 4329 3329 4343 ⁰

587 4338 945 4418 lapidrcmae
982 4342 1063 4401 Ur
1112 4340 1487 4416 iproximae,
1510 4343 1810 4404 mollibus
1835 4343 1936 4404 ad·
2091 4352 2120 4395 7
2159 4343 2634 4432 Summum]
2664 4337 2921 4401 Constat
2934 4332 3133 4395 adhuc
3161 4331 3363 4392 med1·

585 4415 713 4479 huc
747 4436 960 4480 earum
999 4417 1306 4496 lapidibus
1332 4418 1491 4498 ignis
1533 4440 1766 4482 nocere
1801 4441 1934 4483 non
2012 4439 2233 4483 corum
2252 4417 2641 4499 experientia
2668 4419 2882 4478 Romae
2906 4412 3106 4500 plures
3138 4409 3254 4470 esse
3279 4432 3362 4472 ω·-

586 4511 858 4572 poterat.
882 4497 1128 4558 Contra
1145 4500 1296 4559 vero
1313 4497 1595 4559 duriores
1611 4498 1934 4559 Tiburtini
2011 4519 2153 4578 gros
2170 4498 2364 4561 aestate
2379 4498 2443 4557 in
2462 4495 2569 4557 via
2585 4493 2864 4557 suburbii
2883 4509 3084 4578 now..
3103 4507 3238 4567 quae
3268 4487 3363 4577 la-

586 4574 822 4653 lapides
841 4574 978 4650 ,sed
1001 4574 1148 4655 igne
1171 4575 1351 4649 tacti,
1376 4573 1762 4637 diffiliunt&
1785 4574 1936 4636 diffi·
2012 4575 2139 4637 tior
2185 4575 2267 4636 est
2297 4621 2320 4651 ,
2344 4576 2530 4654 quam
2572 4571 2639 4633 in
2678 4571 2784 4632 via
2816 4568 3092 4630 suburbu
3124 4581 3361 4628 veteris

585 4667 832 4731 pantur,
854 4651 1100 4714 Vitruv.
1123 4655 1201 4726 11,
1221 4673 1281 4731 7.
1299 4653 1631 4726 Strab0,V.
1648 4671 1823 4730 pag-2
1837 4672 1862 4726 3
1875 4658 1935 4714 8.
2011 4653 2380 4730 angustiore.
2400 4652 2563 4713 Vide
2580 4646 2981 4734 Manelphum
2992 4646 3364 4733 ’Eretanurrn

647 4740 665 4784 5
695 4733 1148 4794 vanomm
1179 4752 1475 4794 ucenru
1507 4734 1932 4806 munereris]
2012 4729 2211 4806 Mensa
2244 4729 2495 4789 Romana
2529 4776 2548 4802 ‚
2586 4748 2724 4806 pag.
2761 4754 2821 4803 4.
2860 4723 3116 4786 Scilicet
3151 4719 3368 4808 patula

585 4805 765 4868 Nero
802 4807 1003 4869 edixit
1035 4853 1055 4880 ,
1109 4822 1178 4869 ut
1229 4827 1420 4888 aqua,
1445 4807 1837 4888 privatorum
1863 4806 1938 4866 li·
2013 4805 2318 4879 latitudo,
2341 4806 2514 4868 nulla
2536 4806 2754 4869 umbra
2777 4801 3048 4876 defensa,
3072 4817 3373 4880 gravlote

588 4882 801 4954 centia
835 4889 984 4950 ant‘e
1017 4884 1403 4967 intercepta,
1450 4884 1731 4950 custodes
1753 4882 1938 4959 habes
2012 4882 2156 4949 aestu
2185 4881 2466 4949 ardescit.
3388 4907 3395 4914 ·

3433 657 3494 707 A.
3519 660 3577 706 U.
3599 660 3666 708 C.

3468 748 3614 824 817.

3467 858 3513 906 J.
3549 858 3615 906 C.

3467 946 3597 1027 54·
