4975 6149
940 352 1589 448 ANNALIUM
1649 353 1998 444 LIBER
2061 354 2578 450 DECIMUS
2641 361 3156 455 TERTIUS.
3275 389 3333 459 ει
3365 400 3475 460 υ·

676 518 941 617 titiam
968 583 999 630 ,
1045 519 1574 639 expositoque
1626 520 1914 605 indicii
1968 522 2303 629 ordine,
2359 527 2475 609 ita
2522 527 2984 616 audientem
3059 560 3462 641 exterret,
3515 568 3751 619 -ι

674 684 763 743 ut
804 686 982 740 non
1026 654 1347 737 tantum
1409 673 1749 732 matrem
1798 644 2335 763 Plautumque
2382 654 2836 742 interficere
2859 718 2888 762 ,
2938 660 3078 746 sed
3121 662 3462 749 Burrum
3515 646 3655 703 Μ’·
3681 648 3745 698 C·

3555 738 3707 803 808.

672 788 922 870 etiam
978 781 1417 866 demovere
1474 773 1930 890 praefeEtura
1988 777 2415 864 destinaret
2447 841 2477 883 ,
2537 806 2947 894 tamquam
2993 788 3458 906 Agrippinae
3558 850 3607 900 J,
3647 849 3708 907 ς,

676 908 935 1025 gratifi
970 908 1490 1024 provectum,
1534 912 1615 986 &
1646 906 1914 988 vicem
1951 903 2451 991 reddentem.
2476 907 2773 993 Fabius
2810 913 3187 998 Rusticus
3223 927 3244 962 ¹
3281 948 3461 1004 auc-
3580 954 3678 1021 55.

584 1070 628 1151 5
679 1066 810 1124 tor
860 1038 1011 1139 est,
1058 1068 1105 1111 <z
1134 1033 1477 1146 scriptos
1536 1028 1691 1114 effe
1737 1031 1837 1115 ad
1875 1030 2284 1117 Caecinam
2323 1033 2688 1118 Tuscum
2726 1037 3158 1123 codicillos
3172 1101 3204 1145 ,
3244 1073 3464 1128 man.-

670 1158 924 1250 »datfi
967 1164 1048 1247 ei
1087 1160 1636 1276 praetoriarum
1670 1159 2136 1242 cohortium
2166 1156 2403 1245 cura:
2444 1161 2582 1246 sed
2614 1193 2771 1277 ope
2804 1167 3132 1251 Senecae
3189 1169 3465 1281 digna-

674 1293 1055 1381 »tionem
1092 1289 1358 1370 Burro
1392 1311 1792 1370 retentam
1820 1320 1865 1364 >2
1887 1348 1907 1369 .
1942 1284 2250 1371 Plinius
2290 1296 2320 1331 ²
2369 1296 2454 1371 ὃς
2530 1286 2873 1377 Cluvius
2925 1302 2949 1351 ³
2995 1291 3206 1377 nihil
3239 1294 3465 1387 dubi-

676 1444 951 1502 tatum
991 1415 1113 1507 de
1142 1413 1301 1498 fide
1357 1411 1701 1527 praefeffl
1748 1413 2148 1496 referunt:
2180 1415 2367 1498 sane
2423 1414 2718 1505 Fabius
2756 1415 3104 1504 inclinat
3154 1422 3256 1505 ad
3289 1420 3462 1507 lau-

680 1544 823 1629 des
866 1544 1199 1637 Senecae
1224 1536 1528 1646 ‚cujus
1566 1537 1922 1623 amicitia
1952 1541 2253 1624 floruit.
2305 1544 2490 1625 Nos
2513 1545 3009 1628 ‘consensum
3049 1551 3457 1633 auctorum

526 1703 633 1765 210
678 1672 989 1772 secuti,
1029 1697 1203 1779 quae
1228 1666 1539 1750 diversa
1591 1666 2150 1779 prodiderint,
2202 1667 2343 1751 sub
2384 1667 2848 1753 nominibus
2904 1674 3264 1784 ipsorum
3312 1704 3461 1758 tra-

674 1797 965 1882 demus
1002 1803 1071 1877 ⁴.
1111 1797 1340 1878 Nero
1382 1794 1741 1904 trepidus
1768 1853 1798 1895 ‚
1843 1800 1927 1877 &t
1979 1795 2552 1878 interficiendae
2589 1799 2864 1880 matris
2895 1799 3180 1883 avidus
3208 1859 3238 1901 ,
3287 1832 3458 1886 non

670 1925 897 2039 prius
952 1920 1251 2025 differri
1299 1923 1621 2034 potuit,
1676 1918 1916 2029 quam
1975 1920 2273 2005 Burrus
2326 1951 2617 2006 necem
2666 1918 2836 2029 ejus
2886 1927 3398 2037 promitteret
3423 1985 3454 2031 ‚

674 2051 742 2135 fi
788 2049 1169 2137 facinoris
1222 2072 1843 2159 coargueretur:
1903 2080 1948 2123 <t
1975 2047 2139 2131 Sed
2176 2050 2703 2156 cuicumque,
2747 2049 3048 2133 nedum
3085 2056 3399 2166 parenti
3417 2113 3456 2156 .,

669 2174 1289 2265 »defensionem
1340 2172 1848 2258 tribuendam
1899 2206 1917 2253 :
1975 2202 2129 2255 nec
2185 2164 2691 2258 accusatores
2755 2174 3057 2277 adeffe,
3120 2177 3257 2262 sed
3302 2209 3457 2262 vo·-

532 2332 559 2399 1
579 2330 616 2411 5
671 2302 1343 2389 »cern‘uniusex
1365 2296 1699 2391 inimica
1736 2299 1989 2384 'domo
2038 2298 2355 2384 adferri.
2403 2301 2796 2386 Refutare
2827 2300 3209 2389 tenebras
3242 2313 3269 2368 5
3301 2363 3331 2405 ,
3370 2312 3457 2388 &t

668 2426 1161 2542 »vigilatam
1201 2429 1592 2544 convivio
1618 2430 1954 2511 'nodiem
1976 2488 2005 2532 ,
2050 2429 2480 2538 omniaque
2520 2429 3071 2512 temeritati&
3121 2428 3454 2515 inscitiae

569 2636 576 2643 ,
667 2557 1237 2672 πριορίοῐεῖ».
1392 2566 1395 2569 ’

795 2677 1615 2767 XXL··SIC‘Ienito
1678 2680 2075 2794 Principis
2125 2706 2350 2764 metu
2382 2741 2410 2783 ,
2465 2688 2547 2764 &
2602 2678 2790 2765 luce
2844 2673 3072 2783 orta,
3118 2683 3284 2764 itur
3352 2683 3454 2767 ad

672 2804 1215 2925 Agrippinam
1231 2828 1395 2911 ,ut
1440 2808 1811 2892 nosceret
1870 2803 2222 2913 objeEIa,
2292 2803 2912 2918 dissolveretque
2938 2867 2968 2909 ,
3019 2803 3157 2889 vel
3208 2807 3454 2920 poenfi

523 2967 630 3023 20
678 2931 965 3020 lueret.
994 2935 1291 3018 Burrus
1342 2936 1436 3017 iis
1488 2933 1883 3017 mandatis
1908 2994 1936 3036 ,
1983 2927 2296 3017 Seneca
2330 2964 2603 3017 coram
2632 2994 2660 3036 ‚
2684 2931 3193 3045 fungebatur.
3224 2935 3451 3018 Ade-

678 3086 865 3145 rant
894 3068 985 3145 ὃς
1037 3070 1137 3145 ex
1188 3058 1550 3164 libertis,
1596 3057 1869 3144 arbitri
1924 3060 2338 3146 sermonis,
2401 3061 2730 3145 Deinde
2774 3094 2819 3145 a
2881 3060 3193 3162 Burro,
3252 3064 3455 3173 post-

676 3217 915 3298 quam
971 3190 1304 3273 crimina
1347 3196 1430 3272 &
1481 3190 1836 3271 aufiores
1874 3188 2296 3299 exposuit,
2343 3190 2766 3269 minaciter
2805 3189 3091 3269 aestum.
3151 3185 3451 3299 Agrip-

667 3315 900 3430 pina,
933 3313 1253 3400 ferociae
1286 3343 1650 3420 memor,
1692 3347 1736 3389 «
1762 3315 1849 3397 N
1856 3343 1965 3396 on
2003 3315 2251 3395 miror
2267 3345 2311 3386 ›>
2349 3372 2377 3414 ,
2413 3312 2720 3422 inquit,
2760 3345 2805 3387 α
2835 3305 3191 3393 Silanam
3219 3340 3450 3392 num-

668 3471 974 3551 »quam
1013 3441 1240 3526 edito
1290 3468 1574 3556 partu,
1622 3464 1970 3524 matrum
2021 3440 2347 3524 affeEtus
2394 3439 2723 3549 ignotos
2774 3434 3118 3522 habere..
3149 3437 3450 3545 Neque

520 3588 566 3644 2
579 3584 617 3665 5
670 3569 953 3651 »enim
1001 3567 1336 3683 perinde
1402 3599 1445 3652 a
1496 3565 1957 3681 parentibus
2003 3563 2290 3667 liberi,
2342 3562 2582 3675 quam
2633 3562 2728 3648 ab
2773 3556 3181 3677 impudica
3232 3561 3452 3645 adul-

667 3697 923 3800 »teri,
972 3722 1410 3779 mutantur.
1457 3698 1688 3797 Nec,
1737 3694 1791 3775 fi
1837 3695 2133 3776 Iturius
2165 3698 2249 3775 ὃ(
2282 3688 2673 3774 Calvisius
2701 3750 2730 3795 ,
2779 3689 3022 3774 adesis
3069 3687 3448 3773 omnibus

666 3819 1076 3906 »fortunis
1105 3880 1133 3925 ,
1189 3820 1688 3905 novissimam
1737 3820 2253 3933 suscipiendae
2310 3819 2845 3903 accusationis
2884 3845 3212 3930 operam
3260 3817 3449 3899 anui

668 3948 1239 4062 rumpendum,
1306 3947 1491 4030 ideo
1560 3973 1696 4030 aut
1754 3949 1956 4029 mihi
2021 3947 2350 4030 infamia
2411 3944 2822 4058 parricidii
2852 4003 2881 4047 ,
2943 3969 3078 4025 aut
3157 3941 3449 4026 Caesari

670 4073 1252 4157 »conscientia
1286 4071 1697 4158 subeunda
1748 4076 1883 4156 est.
1937 4078 2159 4159 Nam
2212 4072 2600 4156 Domitiae
2647 4069 3097 4155 inimicitiis
3156 4070 3449 4180 gratias

754 4265 775 4295 ¹
820 4255 1056 4318 FAmus
1081 4257 1391 4321 Rusncus
1416 4262 1443 4336 ]
1472 4256 2023 4338 Eloquentiffimus
2097 4256 2247 4321 Hist.
2280 4259 2403 4333 lv,
2421 4276 2528 4336 43.
3170 4323 3181 4338 ,

674 4352 883 4396 rerum
936 4335 1282 4399 recentium
1346 4342 1563 4402 auCtor
1617 4337 1891 4412 dicitur,
1952 4336 2021 4398 in
2174 4347 2207 4386 4
2245 4331 2676 4410 TnA'nsMus]
2714 4332 2971 4396 Mallem
3029 4323 3324 4389 rradzmus.

672 4412 800 4477 vit.
830 4412 1048 4493 Agric.
1074 4416 1154 4477 X.
2180 4427 2200 4471 5
2248 4415 2593 4476 REFUTARE
2640 4431 2958 4475 TENEBRAs
2993 4411 3022 4497 J
3083 4404 3444 4482 Tenebras,

742 4502 772 4531 ²
815 4493 1130 4567 Pumus]
1178 4494 1334 4556 Non
1371 4494 1570 4556 modo
1608 4508 1879 4564 naturae,
1915 4491 2021 4553 sed
2097 4494 2167 4556 &
2207 4498 2461 4556 nostem
2513 4489 2824 4554 convivio
2880 4484 3204 4575 vigplatam
3232 4529 3254 4559 ‚
3307 4503 3445 4574 pm·

670 4566 922 4634 suorum
1008 4569 1200 4632 etiam
1266 4589 1629 4651 temporum
1703 4568 2020 4632 historiam
2097 4571 2325 4650 niaque
2366 4567 2804 4632 temeritati&
2849 4564 3107 4627 inscitiae
3146 4581 3445 4642 propiora

676 4645 1011 4728 scripserat.
1040 4649 1205 4712 Vide
1229 4649 1661 4728 praefationem
1698 4649 1848 4711 Hist.
1890 4663 2017 4709 nat.
2097 4647 2562 4711 accusationem
2604 4645 2892 4708 refutare.
2930 4642 3004 4704 Id
3050 4643 3222 4703 enim
3277 4656 3443 4730 tem-

751 4736 772 4778 ³
819 4728 1172 4802 Curvios]
1196 4728 1309 4791 Vir
1334 4728 1675 4791 consularis
1694 4775 1714 4802 ‚
1740 4742 1929 4807 poeta
1950 4727 2021 4788 &
2143 4725 2268 4788 oris
2300 4723 2589 4802 delegisse
2614 4721 3032 4796 accusatores,
3058 4737 3137 4782 ne
3154 4739 3188 4781 a
3219 4719 3443 4783 sobriis

676 4796 1001 4867 historicus
1048 4805 1306 4868 nobilis.
1363 4808 1458 4869 De
1510 4808 1627 4870 illo
1686 4804 2019 4868 Suetonius
2097 4747 2167 4867 gc
2216 4800 2622 4881 vigilantibus
2679 4798 2903 4862 falsitas
2953 4797 3390 4880 agnosceretur
3418 4841 3445 4878 ‚

671 4874 741 4945 in
775 4882 933 4952 Ner.
981 4885 1154 4947 XXI.
1213 4886 1535 4952 Laudatur
1606 4885 1808 4952 adhuc
1858 4881 2022 4948 infra
2098 4897 2169 4949 ut
2200 4884 2362 4946 reite
2400 4877 2672 4958 explicat
2700 4878 2917 4946 Illustr.
2936 4876 3224 4945 Huetius.
