4975 6149
1504 431 1690 549 32'6
2099 380 3735 517 SUPPLEM‘ENTUM

1228 629 1461 676 εΞΞ
1501 599 1787 722 plebs,
1829 599 1914 682 in
1961 592 2250 679 loetitiae
2292 592 2512 706 signa
2566 620 2915 707 praeceps
2991 588 3305 706 semper
3380 597 3466 674 δι
3532 588 4022 673 inconstans.
4074 586 4296 676 Mox

1229 713 1458 766 *⁶⁰⁶²
1508 732 1877 818 omnium
1916 721 2165 807 studia
2206 722 2294 804 in
2329 720 2530 804 novi
2564 720 3067 832 Principatsss
3114 719 3339 834 spem
3376 747 3473 802 ac
3512 713 3927 799 fortunam
3972 715 4295 832 conspi-

1281 808 1426 968 8‚²<;‚‘
1505 883 1808 942 ravere.
1845 852 2253 965 Praecipua
2292 846 2783 959 Nymphidii
2817 843 3149 946 Sabini,
3194 844 3858 958 praetorianorum
3897 843 4301 957 praefeffi‚‘

1293 1012 1403 1075 68.
1506 1013 1702 1070 cura
1740 983 1827 1062 in
1867 979 1948 1060 se
1996 979 2280 1059 cunila
2317 976 2638 1058 trahere
2684 983 2706 1018 ¹
2745 1031 2775 1075 ,
2813 995 2908 1052 ut
2943 994 3132 1054 ante
3180 965 3460 1052 Galbae
3503 968 3944 1053 adventum
3984 966 4294 1055 firmata

1509 1109 1978 1196 au&oritate
2003 1160 2033 1207 ,
2087 1127 2226 1187 aut
2274 1098 2672 1184 secundus
2718 1098 2804 1178 in
2855 1096 3213 1211 Imperio
3256 1120 3531 1208 ageret
3558 1154 3588 1199 ‚
3635 1123 3828 1199 aut,
3874 1096 3931 1176 fi
3981 1097 4231 1185 senex
4266 1116 4300 1204 ,’

1510 1264 1671 1321 tres
1713 1242 1795 1317 δε
1833 1232 2339 1347 septuaginta
2377 1254 2633 1310 annos
2674 1247 2906 1307 natus
2933 1282 2962 1327 ‚
3006 1225 3313 1306 itineris
3358 1221 3939 1336 defatigatione
3968 1254 4298 1309 occum-

1511 1362 1740 1450 beret
1763 1420 1792 1465 ‚
1825 1359 1993 1474 ipse
2011 1354 2444 1470 capesseret
2465 1352 2950 1467 Imperium:
2989 1376 3367 1465 reputans
3408 1352 3870 1464 «praetorias
3907 1353 4295 1437 cohortes

1515 1488 1886 1573 »dudum
1926 1477 2410 1569 favorabiles
2441 1539 2469 1583 ‚
2502 1509 2722 1563 nunc
2749 1478 3114 1563 donativi
3162 1485 3194 1521 ²
3241 1477 3622 1593 promiss'o
3668 1473 4108 1591 obligatas:
4149 1506 4299 1593 pe-

1515 1645 1725 1699 »nes
1755 1614 1835 1696 se
1887 1611 2042 1696 effe
2083 1634 2345 1693 totam
2385 1603 2889 1692 liberalitatis
2938 1608 3280 1718 gratiam
3308 1665 3338 1709 ‚
3367 1604 3580 1719 apud
3613 1602 3965 1723 Galbam
4015 1604 4297 1689 neces-

1517 1742 1893 1826 »fitatem
1918 1774 1962 1815 »
1983 1801 2002 1821 .
2033 1735 2383 1822 Proinde
2406 1792 2434 1838 ,
2470 1764 2572 1817 ne
2595 1760 2857 1818 tantas
2893 1732 3066 1846 spes
3104 1731 3570 1846 praecideret
3606 1729 4006 1844 Tigellini
4033 1731 4296 1817 socie-

1521 1878 1693 1953 tas³
1732 1926 1762 1972 ‚
1808 1868 1885 1949 ei
1926 1861 2201 1978 gladio
2241 1861 2701 1946 interdicit:
2745 1855 2977 1942 simul
3017 1856 3482 1944 consulares
3515 1918 3544 1963 ‚
3591 1858 4062 1970 ceterosque
4090 1917 4119 1962 ‚
4162 1861 4303 1970 qui

1482 1996 1923 2079 exercitus
1979 1988 2543 2106 provinciasve
2595 1983 2800 2072 olim
2863 2015 3237 2072 rexerant
3269 2048 3299 2092 ,
3358 1988 3758 2071 conviviis
3803 1982 4162 2096 aliisque
4218 1983 4305 2068 id

1510 2146 1779 2233 ‘genus
1822 2116 2157 2202 lautitiis
2208 2141 2588 2229 occupat.
2632 2114 2934 2198 Iisdem
2999 2111 3298 2198 artibus
3347 2142 3488 2225 per
3538 2114 3783 2197 castra
3833 2108 4106 2224 gliscit
4144 2142 4306 2196 am-

1521 2247 1774 2338 bitio:
1817 2242 2143 2359 plurimi
2184 2240 2546 2349 jaffltant
2587 2273 2632 2313 <c
2671 2238 3114 2323 mittendos
3144 2238 3244 2322 ad
3280 2236 3629 2321 Galbam
3667 2235 3980 2349 legatos
4024 2248 4064 2298 4
4093 2298 4119 2343 ‚
4165 2237 4304 2349 qui

1521 2369 2187 2484 »Nymphidium
2238 2392 2719 2482 perpetuum
2746 2422 2776 2470 ‚
2831 2371 2918 2450 δι
2967 2363 3131 2448 fine
3188 2359 3511 2476 collega
3552 2423 3581 2469 ,
3650 2367 4306 2480 praetorianorum

1523 2496 2043 2613 »praefeaum
2093 2528 2139 2571 »
2186 2494 2662 2603 efflagitent.

1652 2621 1856 2711 XC.
1918 2622 2114 2707 PAR
2162 2622 2248 2702 in
2300 2621 2582 2704 senatu
2627 2628 2653 2684 5
2703 2612 3088 2704 adulatio.
3153 2620 3426 2703 Patres
3483 2613 3654 2726 ejus
3724 2615 4034 2705 foribus
4109 2617 4307 2705 adli—

1528 2752 1759 2837 dere:
1813 2747 2435 2832 beneficentiam
2470 2742 2836 2831 laudare:
2873 2743 3250 2831 omnibus
3293 2744 4006 2830 senatusconsultis
4047 2749 4308 2830 au8c0÷

1525 2908 1698 2963 rem
1745 2871 2066 2958 habere.
2117 2874 2321 2958 Inde
2348 2932 2377 2977 ‚
2427 2875 2549 2954 uti
2583 2874 2743 2958 fert
2787 2874 3216 2956 hominum
3284 2898 3623 2978 natura,
3672 2897 3850 2956 orta
3896 2874 4312 2987 Nymphi-

1527 3005 1667 3092 dio
1722 3001 2229 3114 arrogantia,
2283 3000 2591 3084 senatui
2641 2998 2947 3085 invidia
2982 3058 3010 3105 ,
3088 2998 3273 3083 dein
3350 3024 3639 3085 metuS.
3706 2998 3903 3084 Cito
3979 3027 4310 3117 erupere

1528 3133 1702 3215 haec
1755 3128 2333 3212 discordiarum
2388 3126 2715 3211 semina.
2765 3130 3039 3213 Patres
3093 3184 3121 3230 ,
3178 3130 3366 3212 cum
3424 3123 4210 3211 senatusconsultum
4275 3125 4320 3214 ⁶.

1530 3255 1633 3342 ad
1710 3249 2060 3339 Galbam
2132 3283 2272 3368 per
2316 3247 2779 3340 tabellarios
2857 3255 3041 3339 suos
3106 3254 3537 3357 misissent,
3589 3252 3879 3336 dedere
3925 3251 4157 3335 simul
4192 3253 4317 3349 di-‚

1531 3361 1944 3499 plomata,
1995 3378 2256 3493 sigillo
2304 3380 2452 3464 suo
2493 3379 2963 3494 obsignata,
3012 3379 3187 3491 quis
3263 3380 3560 3496 oppida
3623 3378 3940 3462 cursum
3995 3376 4315 3463 celera·-

1530 3536 1714 3599 1ent
1773 3507 2344 3600 ⁷.Succensuit
2394 3507 3004 3624 Nymphidius,
3055 3509 3368 3622 questus
3443 3508 3782 3592 «Patres
3808 3534 3962 3589 nec
3997 3503 4145 3590 suo
4203 3507 4309 3606 si·-⁴

1526 3781 1766 3848 vietor.
1802 3782 1872 3844 in
1892 3778 2504 3861 Epitome,Cerer11m
2524 3784 2660 3847 adeo
2707 3804 2881 3847 cunt-
2957 3782 3049 3848 dii
3111 3782 3362 3866 collega
3386 3800 3516 3849 erat
3555 3782 3624 3846 in
3669 3780 4026 3863 praefectura
4067 3796 4305 3860 preto-e

1528 3879 1607 3923 ει
1631 3859 1931 3937 provinciae
1954 3861 2220 3951 omnisque
2252 3861 2427 3923 Roma
2464 3865 2694 3926 interitu
2719 3866 2839 3945 ejus
2858 3914 2878 3942 ‚
2959 3867 3194 3930 riarum
3227 3864 3614 3928 cohortium.

1528 3938 1811 4002 Neronis
1831 3987 1849 4014 ,
1875 3937 2167 4018 exfitltamt
2188 3986 2207 4015 ,
2231 3958 2293 4001 ut
2318 3941 2472 4016 plebs
2502 3942 2697 4003 induta
2718 3943 2881 4019 pileis
3030 3953 3063 3994 4
3103 3948 3403 4008 Lacu-os
3426 3943 3456 4013 J
3483 3937 3790 4001 Plutarch.
3832 3938 3961 4001 loc.
4005 3937 4117 4004 cit.

1529 4016 1997 4098 manumzffionum
2036 4064 2054 4090 ,
2107 4035 2383 4097 tamquam
2425 4022 2581 4100 soevo
2628 4042 2880 4098 exempta
3041 4035 3060 4078 5
3108 4027 3175 4083 In
3218 4019 3524 4091 Sanam]
3557 4014 3862 4079 Plutarch.
3910 4014 4070 4079 ibid.

1528 4095 1746 4156 domino
1768 4142 1787 4171 ,
1810 4095 2186 4172 triumpharet.
2210 4098 2413 4162 Plebis
2453 4103 2608 4165 vero
2631 4101 2882 4165 incons-
3037 4103 3066 4140 ⁶
3119 4103 3778 4160 Samruscousuvrum
3817 4095 3848 4170 ]
3910 4094 4265 4161 Plutarchus
4285 4108 4311 4173 ',

1529 4173 1795 4243 tantiam
1819 4191 2001 4239 notat
2015 4175 2374 4252 Suetonius,
2398 4177 2525 4241 loc.
2549 4178 2660 4242 eit.
2687 4177 2767 4238 Et
2790 4197 2881 4238 ta·
2957 4173 3115 4237 ibid.
3139 4177 3280 4238 Hoc
3314 4172 3847 4236 senatusconsulto
3885 4195 4022 4239 non
4068 4179 4314 4237 tantum

1533 4273 1655 4314 men
1687 4273 1795 4328 ῃοη
1827 4252 2114 4329 defuerunt
2155 4253 2247 4345 qui
2280 4275 2381 4330 per·
2406 4254 2629 4336 longum
2673 4273 2883 4330 tempus
2958 4273 3130 4316 nova
3185 4251 3456 4336 dignitas
3520 4251 3925 4316 nuntiabatur
3948 4302 3968 4329 ,
4016 4254 4120 4316 sed
4179 4255 4317 4330 jura

1532 4331 1725 4396 vernis
1747 4331 1958 4414 aestivij‘
1971 4331 2280 4413 ueflorzbus
2302 4332 2560 4392 tumulum
2579 4335 2697 4413 ejus
2716 4354 2884 4394 orna-
2959 4354 3218 4414 quoque
3236 4380 3255 4408 ‚
3288 4348 3357 4395 ut
3384 4330 3456 4393 in
3484 4331 3622 4415 lege
3662 4331 3858 4412 Regia
3880 4377 3900 4406 ,
3931 4334 4010 4395 de
4098 4330 4177 4393 ua
4216 4329 4315 4391 di·-

1533 4430 1664 4473 rent
1688 4436 1708 4470 :
1744 4432 1812 4471 ac
1837 4355 1987 4473 moaqd
2013 4415 2124 4472 ima
2166 4412 2287 4472 ines
2306 4430 2672 4487 praetextatas
2691 4411 2752 4472 in
2774 4415 2883 4493 roJZ
2960 4433 3173 4475 cemus
3212 4410 3375 4474 infra
3417 4410 3571 4474 Hist.
3606 4411 3731 4485 lv,
3760 4419 3837 4486 6,
3866 4431 4016 4492 proc
4110 4407 4316 4471 dubio

1535 4491 1645 4552 tris
1662 4490 1969 4568 proferrent
1984 4537 2003 4566 ,
2026 4510 2108 4551 mo
2149 4495 2178 4550 ὁ
2207 4488 2381 4551 edida
2398 4536 2417 4564 ,
2439 4512 2545 4572 qua
2568 4513 2589 4553 1
2606 4491 2882 4571 viventis,
2962 4491 3532 4572 praescribebantur.

1534 4568 1604 4629 ὑ
1636 4567 1786 4629 brevi
1813 4590 2014 4652 magno
2047 4568 2385 4631 inimicorum
2423 4591 2511 4631 mu
2538 4591 2566 4631 ο
2600 4591 2756 4632 rever·
2778 4573 2884 4632 uri.
3041 4582 3070 4625 7
3117 4572 3392 4634 Consum
3427 4568 3884 4641 catenantur]
3908 4567 4080 4628 Hane
4113 4580 4309 4622 unam

1619 4657 1638 4686 ¹
1686 4649 2007 4712 Tuumne
2049 4652 2080 4726 ]
2131 4648 2433 4712 Plutarch.
2489 4649 2558 4712 in
2639 4652 2736 4714 Ga
2763 4650 2842 4715 bii
2864 4699 2885 4729 ,
2962 4649 3205 4714 cursum
3265 4647 3579 4713 celerandi
3634 4646 3944 4707 rationem
3999 4653 4315 4717 repererat

1536 4743 1676 4803 pag.
1718 4733 1897 4806 1056.
2964 4730 3281 4810 Augustus.
3329 4728 3485 4791 Inde
3530 4723 3693 4803 apud
3734 4724 4052 4783 Romanos
4105 4718 4315 4781 cursus

1622 4808 1640 4830 ²
1689 4803 2081 4883 Deum-wi]
2126 4806 2223 4870 De
2261 4828 2396 4889 quo
2433 4807 2667 4872 dietum
2710 4809 2887 4891 supra
2964 4808 3288 4887 publicus,
3361 4823 3549 4885 quem
3618 4797 3861 4862 Gallice
3923 4795 4193 4860 dicimus
4253 4796 4316 4856 la

1538 4896 1673 4957 ΕΒΡ-
1715 4884 1814 4958 85·
2958 4885 3134 4967 poste,
3164 4907 3200 4949 a
3251 4884 3463 4946 nostro
3493 4879 3603 4944 usu
3631 4879 3702 4947 δί
3744 4876 4100 4948 commodo
4144 4875 4316 4943 mul-

1613 4965 1638 5011 3
1685 4956 2027 5024 Trczunu
2060 4965 2401 5041 socnrrAs]
2428 4966 2559 5045 Qui
2576 4966 2889 5051 Nymphi-
2965 4970 3100 5036 tum
3125 4968 3357 5033 aberat.

4363 1744 4464 1812 ιο

4362 3024 4468 3080 20
