4975 6149
1523 441 1704 530 ,43²
1890 406 2340 495 NOTAE
2443 403 2616 488 ET
2712 398 3919 492 EMENDATIONES

2655 552 2982 618 Venientem
3020 555 3207 618 intuor·

2018 630 2342 695 eomitante
2366 632 2528 695 turbt!
2561 635 2843 717 conjugem
2880 634 3151 717 quondam
3182 656 3360 697 meum
3380 683 3403 715 ‚

2029 711 2382 793 Gnatumque
2402 739 2422 771 .·
2461 733 2722 790 properat
2749 735 2933 791 petere
2975 715 3284 792 complexus
3324 732 3471 780 meos

2023 790 2309 874 crispinus
2329 840 2352 873 ‚
2390 792 2691 877 intermzffa
2724 793 2900 857 libare
2932 795 3133 877 oscula.

1621 974 1844 1054 CAP.
1901 972 2169 1048 XLVI.
2227 972 2380 1047 Slm
2438 998 2888 1049 concessum
2945 994 3378 1048 nrc‘rrrAns
3431 980 3471 1068 ]
3528 969 3812 1074 Aperta
3870 968 4230 1048 sententia
4280 994 4315 1063 3

1517 1076 1803 1152 incerta
1832 1096 2073 1149 tamen
2109 1072 2336 1146 verba
2367 1071 2468 1145 ob
2504 1073 2777 1148 variam
2808 1073 3151 1149 codicum
3188 1071 3611 1172 scripturam
3636 1133 3653 1159 ,
3692 1078 3762 1145 &
3794 1068 4108 1146 diversas
4153 1098 4309 1149 eru-

1526 1177 1855 1252 ditorum
1884 1175 2350 1273 conjecturas.
2389 1172 2477 1246 In
2518 1171 2658 1247 ΜΓ.
2702 1171 2807 1247 Re
2865 1231 2881 1247 .
2924 1181 2994 1248 δε
3040 1171 3372 1247 editione
3415 1171 3793 1272 principe,
3827 1172 3931 1242 ubi
3975 1176 4309 1273 conceffizm

1528 1281 1874 1362 distitutis,
1914 1272 2111 1348 unde
2161 1270 2610 1370 conjiciebat
2658 1200 3034 1348 Acigalius
3063 1280 3175 1346 uni
3214 1275 3570 1371 conceffizm.
3610 1270 4030 1345 Perizonius
4055 1327 4074 1359 ,
4120 1272 4307 1347 Ani-

1527 1374 1883 1455 madvers.
1926 1370 2204 1448 Histor.
2243 1397 2411 1475 pag.
2444 1398 2591 1475 273
2626 1424 2648 1460 ,
2688 1374 2991 1449 verbum
3026 1375 3328 1447 diffitans
3368 1371 3772 1449 redundare
3814 1369 4256 1445 existimabat
4281 1397 4313 1461 3

1531 1498 1608 1552 at
1657 1501 1750 1550 ue
1790 1474 1916 1549 hic
1958 1471 2561 1574 intelligendum,
2611 1494 2693 1547 ut
2737 1473 2828 1548 sae
2886 1499 2927 1550 e
2976 1473 3146 1549 alias
3188 1473 3267 1547 in
3323 1472 3635 1562 Tacito,
3686 1497 3773 1546 ac
3811 1470 4118 1547 maxime
4173 1473 4315 1545 An·

1528 1602 1626 1653 na
1656 1634 1676 1651 .
1723 1574 1888 1664 111,
1941 1595 2066 1673 34.
2108 1573 2198 1648 In
2232 1572 2386 1646 Mss.
2439 1572 2626 1647 Bud.
2682 1573 2839 1650 Cor
2894 1632 2911 1650 .
2965 1578 3072 1648 ubi
3114 1577 3447 1676 conceffam
3500 1575 3826 1648 dictitaret
3853 1598 3886 1658 ,-
3939 1570 4114 1645 inde
4165 1570 4313 1646 Er-

1529 1674 1765 1751 nestus
1813 1672 2270 1748 emendatum
2338 1672 2640 1748 volebat
2667 1730 2690 1765 ,
2737 1677 2914 1772 Soepe
2959 1676 3217 1748 auditus
3261 1675 3349 1774 est
3380 1736 3399 1763 ,
3447 1677 3586 1747 ciam
3620 1675 3891 1773 surgens
3933 1700 3966 1744 e
4013 1676 4312 1744 convivio

1532 1777 1802 1871 Caesaris
1827 1831 1850 1864 ,
1881 1778 1952 1871 se
1997 1782 2090 1847 ire
2134 1774 2219 1846 ad
2256 1775 2445 1846 illam
2472 1834 2492 1861 ,
2525 1774 2659 1870 fibi
2707 1779 3039 1876 conceffam
3082 1776 3434 1850 difficarer.
3483 1772 3756 1847 Pariter
3791 1770 3888 1846 N.
3933 1770 4308 1860 Heinsiu3‚

1529 1877 1672 1950 ct'cm
1724 1875 2228 1971 consurgens...
2275 1878 2385 1946 um‘
2431 1877 2765 1974 conceffam
2808 1878 3157 1950 diditaret.
3229 1874 3319 1950 In
3374 1873 3528 1951 ΜΠ.
3607 1870 3817 1948 Harl.
3893 1868 4109 1947 Bodl.
4172 1868 4315 1945 Jes.

1533 1973 1777 2049 Guelf.
1826 1979 1897 2049 δε
1934 1971 2412 2061 Puteolanus,
2468 1976 2557 2047 ibi
2607 1978 2936 2075 conceffam
2980 1978 3284 2050 diffitans
3318 2009 3344 2061 ,-
3396 1975 3574 2048 hinc
3629 1971 3927 2047 Urfinus
3974 1969 4321 2046 emenda-

1534 2075 1691 2164 ¹vit,
1726 2073 1859 2172 fibi
1904 2074 2238 2171 conceffam
2283 2075 2587 2149 άίἑῖἱιαηε
2616 2136 2635 2163 ,
2691 2076 2895 2179 quod
2951 2077 3291 2150 haetenus
3331 2097 3587 2150 omnes
3639 2072 3958 2148 edidere.

1633 2178 2018 2248 Accam-o
2074 2197 2321 2248 Am‘ru
2374 2182 2411 2270 ]
2469 2173 2838 2265 Muretus,
2865 2197 2947 2251 ut
2972 2178 3134 2250 haec
3179 2202 3344 2250 cum
3372 2170 3951 2273 praecedentibus
3998 2172 4312 2269 conjunss-

1535 2293 1789 2376 geret,
1840 2272 2155 2347 malebat
2182 2328 2204 2362 ,
2259 2276 2369 2343 hoc
2412 2298 2608 2366 coepto
2655 2277 2861 2347 aditu.
2907 2274 3288 2362 HeinfiuS,
3337 2296 3615 2365 arrepto.
3661 2270 3763 2345 At
3796 2268 4003 2369 aeque
4042 2292 4325 2347 conve-

1443 2458 1446 2461 ,
1540 2373 1700 2462 nit,
1751 2396 2042 2467 accepto,
2085 2393 2167 2445 ut
2222 2371 2407 2445 reffe
2453 2371 2792 2446 observat
2838 2370 3196 2446 Ernestus.

1645 2473 2028 2547 Coruum
2081 2496 2160 2544 sa
2213 2478 2248 2564 ]
2308 2472 2386 2543 Se
2430 2470 2760 2546 omissum
2808 2472 3094 2547 vellent
3147 2470 3486 2548 Heinsius
3528 2475 3601 2546 ὃς
3633 2467 3986 2545 Graevius,
4024 2465 4248 2540 Abest
4284 2492 4332 2543 a

1541 2571 1683 2647 Ms.
1735 2570 1962 2645 Corb.
2012 2567 2235 2644 Deest
2277 2595 2576 2672 quoque
2619 2572 2697 2645 in
2753 2570 2894 2647 Ms.
2931 2573 3119 2675 Reg.
3175 2577 3245 2647 &
3287 2570 3618 2647 editione
3657 2567 4017 2671 principe.
4062 2564 4207 2640 Sed
4240 2565 4327 2648 in

1539 2670 1628 2746 iis
1670 2670 1937 2745 vitiose
1982 2675 2051 2742 in
2093 2693 2347 2765 partem
2399 2673 2737 2765 cupidinis.
2957 2727 2967 2736 .

1644 2769 1761 2844 ΕΤ
1817 2792 2084 2844 FoRMA
2137 2774 2176 2861 ]
2226 2771 2330 2841 Et'
2365 2769 2561 2851 abest
2610 2795 2654 2844 a
2698 2770 2855 2846 Mss.
2904 2771 3118 2846 Harl.
3177 2769 3398 2845 Bodl.
3448 2767 3589 2845 Jes.

1647 2869 2260 2944 Min-amomum
2318 2890 2730 2944 Ama-Tene
2763 2876 2802 2962 ]
2839 2869 2975 2943 Ms.
3007 2872 3185 2971 Agr.
3221 2874 3509 2943 omittere
3529 2894 3557 2960 3
3590 2867 3793 2972 quod
3822 2865 4091 2970 probat
4122 2868 4325 2942 Grae-

1401 3033 1409 3042 .
1542 2971 1726 3051 vius.
1779 2967 2006 3043 Haud
2049 2966 2431 3047 absurdum
2476 2989 2723 3043 tamen
2752 3023 2775 3056 ,
2828 2975 3146 3045 amittere.

1645 3070 1931 3145 CULTU
1986 3091 2499 3144 MAGNrrrcum
2553 3077 2589 3163 ]
2646 3068 2799 3146 Mff.
2835 3069 3042 3147 Harl.
3105 3069 3237 3147 Jes.
3289 3069 3532 3148 Guelf.
3578 3069 3948 3170 magnifico.
4284 3133 4287 3134 γ

1645 3168 2036 3245 Fon-rum
2096 3191 2342 3246 DIGNA
2389 3177 2428 3264 ]
2481 3169 2640 3246 ΜΠ.
2673 3168 2890 3245 Bodl.
2936 3171 3077 3248 Jes.
3113 3170 3362 3246 Guelf.
3402 3178 3471 3247 δι
3503 3169 3989 3253 Puteolanus,
4033 3167 4326 3264 dignam.

1543 3268 1802 3350 Editio
1827 3268 2172 3369 Princeps
2201 3323 2224 3358 ,
2276 3268 2671 3344 Rhenanus
2717 3276 2787 3343 &
2823 3268 3298 3346 Recentiorcs
3326 3327 3346 3360 ,
3391 3274 3611 3369 digna.
3652 3274 3793 3346 Pro
3837 3273 4036 3369 visere
4076 3266 4327 3344 mallen

1549 3368 1883 3450 Graevius
1927 3371 2166 3448 videre.
2209 3367 2413 3444 Bene
2461 3389 2871 3471 utrumque.
2918 3371 3008 3444 In
3053 3371 3194 3446 Ms.
3236 3371 3464 3446 Corb.
3511 3374 3744 3446 videri.

1649 3472 1765 3546 ET
1821 3491 1930 3542 An
1985 3493 2461 3545 pos-ramnum
2512 3475 2549 3562 ]
2608 3469 2721 3542 Ita
2761 3470 2920 3543 ΜΠ.
2953 3470 3233 3547 Medic.
3272 3469 3483 3547 Harl.
3519 3470 3731 3548 Bodl.
3769 3469 3910 3544 Jes.
3946 3467 4129 3570 ch.
4171 3471 4332 3545 edi-

1554 3567 1798 3642 tiones
1861 3588 2183 3659 veteres,
2234 3575 2305 3643 δε
2351 3567 2412 3645 J.
2463 3569 2939 3661 Gronovius3
2990 3568 3229 3674 ficque
3279 3569 3463 3645 infra
3496 3569 3684 3648 Hist.
3723 3568 3807 3660 Ι,
3855 3593 3890 3667 3
3904 3593 3981 3667 9.
4032 3568 4334 3647 Rhena-

1552 3689 1688 3741 nus
1728 3666 1997 3769 aliique
2029 3670 2366 3768 postremb.
3069 3671 3076 3679 ⁵

1655 3767 2125 3842 AEMULATUS
2182 3791 2492 3844 AGERET
2545 3775 2583 3864 ]
2641 3771 2757 3844 Ita
2815 3770 2981 3847 libri
3039 3795 3297 3849 omnes
3360 3769 3611 3869 scripti
3674 3776 3744 3847 &
3801 3768 4004 3846 editi.
4066 3767 4333 3843 Melius

1551 3864 1796 3957 foret,
1843 3870 2107 3940 aemulus
2158 3893 2420 3968 ageret,
2498 3890 2581 3945 ut
2628 3871 2935 3946 volebat
3010 3872 3337 3949 Grotius.
3388 3871 3574 3946 Aliis
3625 3869 3918 3972 placet,
3972 3872 4333 3944 oemulator.

1657 3964 1777 4040 Er
1830 3990 2300 4043 rous-rurs
2354 3992 2974 4050 TEMPERANTIOR
3025 3979 3063 4068 ]
3122 3972 3261 4049 Ms.
3299 3972 3525 4048 Corb.
3560 3970 3879 4067 egestatis,
3930 3968 4133 4044 Idem
4171 3992 4212 4043 e
4242 3964 4337 4041 li-

1551 4063 1692 4240 iim
1733 4062 2150 4144 Pontificali
2190 4065 2440 4144 laudat
2478 4069 2896 4178 probatque
2948 4071 3397 4157 Vertranius.
3445 4068 3536 4147 ln
3573 4069 3714 4148 Ms.
3756 4068 3971 4148 Harl.
4017 4092 4341 4166 tempera?

1611 4190 1706 4241 01'·

1642 4366 1863 4444 CAP.
1909 4367 2204 4450 XLVII.
2247 4375 2494 4469 QUEM
2533 4398 2819 4453 rat-rum
2867 4380 3235 4451 GRAPTus
3280 4381 3319 4472 ]
3359 4372 3729 4450 Muliebre
3772 4397 4047 4450 nomen
4090 4375 4349 4449 GRAP'·

1553 4486 1660 4539 ΤΒ
1707 4467 1897 4568 saepe
1948 4472 2268 4547 occurrit
2336 4472 2414 4548 in
2457 4477 2825 4554 veteribus
2880 4475 3092 4551 inseri
3150 4475 3478 4550 tionibus
3524 4475 3716 4577 apud
3768 4477 4183 4549 Gruterum.

1655 4565 1726 4639 A
1780 4569 2120 4646 Trnffluo
2179 4599 2422 4659 usQuE
2481 4603 2777 4653 Domum
2831 4585 2869 4674 ]
2941 4577 3063 4651 Sic
3157 4570 3845 4652 uteolanus&libri
3880 4566 4340 4667 omnesposs-

1553 4682 1675 4738 tea
1726 4663 1928 4743 editi.
1973 4669 2063 4743 In
2105 4672 2260 4747 Mss.
2313 4674 2550 4749 Vatic.
2602 4675 2799 4752 Flor.
2856 4676 3099 4754 Guelf.
3145 4677 3319 4778 Agr.
3368 4676 3595 4751 Corb.
3652 4672 3880 4749 editio
3939 4669 4283 4767 princeps
4313 4717 4345 4756 ‚

1549 4761 1799 4838 Tiberio
1839 4793 1963 4839 avo
2012 4772 2197 4869 usque
2238 4774 2324 4846 acl
2366 4775 2646 4853 domum.
2695 4774 2887 4857 Vere
2933 4778 3254 4878 conjecit
3319 4774 3590 4879 Lipfius
3639 4769 4032 4878 legendum
4082 4770 4343 4844 Tiberio

1551 4857 1824 4962 abusque
1864 4867 2117 4943 domum
2169 4875 2306 4952 δίς.

4111 5015 4343 5102 Pons
