4975 6149
1530 495 1708 572 240
1961 393 2168 549 'c‘
2299 457 3142 567 conNsser
3264 454 3856 543 TAc1T1

1246 655 1487 703 Ξ
1528 627 1803 712 secum
1833 620 2139 708 servilis
2180 625 2489 708 animus
2515 625 2831 738 praemia
2864 623 3206 737 perfidiae
3234 623 3638 737 reputavit
3661 679 3689 723 ,
3727 612 4113 728 simulque
4155 617 4302 702 im-

1249 739 1482 890 ζυὲῦ·
1526 753 1803 837 mensa
1827 753 2170 865 pecunia
2209 758 2291 834 &
2334 754 2700 864 potentia
2739 748 3364 834 obversabantur
3403 807 3431 852 ,
3483 746 3701 831 cesfit
3736 745 3853 828 fas
3886 805 3912 850 ,
3962 753 4044 829 &
4084 742 4295 830 salus

1303 850 1440 999 5⁸¹0:
1531 879 1902 994 patroni,
1945 885 2028 961 ὃς
2051 901 2401 989 acceptae
2432 874 2819 960 libertatis
2846 879 3262 959 memoria.
3306 874 3634 957 Etenim
3662 873 3934 956 uxoris
3969 900 4294 983 quoque

1317 1039 1423 1115 σς.
1537 1001 1960 1089 confilium
2023 1000 2614 1117 adsumpserat,
2669 1000 3058 1084 muliebre
3093 1032 3188 1084 ac
3219 1000 3568 1083 deterius
3619 1033 3637 1081 ε
3702 1001 4000 1113 quippe
4070 996 4292 1081 ultro

1532 1157 1844 1243 metum
1889 1128 2390 1232 intentabat,
2444 1161 2490 1203 <c
2522 1125 2977 1238 multosque
3027 1127 3391 1210 adstitisse
3426 1122 3763 1209 libertos
3800 1156 3895 1208 ac
3940 1124 4213 1209 servos
4264 1181 4296 1228 ,
4411 1141 4458 1224 5
4516 1218 4521 1223 ,

1535 1260 1740 1367 »qui
1787 1257 2071 1341 eadem
2114 1256 2463 1339 viderint
2494 1272 2543 1336 'z
2607 1250 2814 1335 nihil
2865 1252 3374 1367 profuturum
3414 1253 3649 1336 unius
3681 1246 4099 1334 'silentium
4149 1285 4168 1334 z
4215 1277 4301 1335 at

1537 1416 1584 1461 »
1603 1386 1920 1497 praemia
1944 1411 2189 1496 penes
2217 1410 2470 1463 unum
2496 1380 2670 1464 fore
2692 1440 2720 1484 ,
2777 1381 2911 1490 qui
2941 1379 3248 1464 indicio
3279 1377 3768 1493 praevenisset
3798 1413 3842 1454 »
3863 1440 3885 1461 .

1663 1493 1848 1596 LV.
1913 1510 2212 1591 Ion-n
2231 1534 2281 1589 R
2307 1567 2336 1610 ,
2364 1504 2633 1620 coepta
2661 1504 2846 1590 luce
2864 1565 2890 1610 ,
2915 1503 3312 1589 Milichus
3341 1509 3421 1587 in
3451 1509 3728 1589 hortos
3752 1498 4245 1588 Servilianos
4263 1512 4301 1587 ¹,

1538 1636 1804 1749 pergit
1828 1662 1852 1730 ;
1901 1642 1981 1718 &
2023 1638 2208 1718 cum
2230 1632 2535 1716 foribus
2562 1658 2991 1735 arceretur,
3034 1665 3081 1707 «
3110 1661 3445 1745 magna,
3473 1638 3557 1715 ὅ(
3583 1634 3886 1715 atrocia
3913 1629 4282 1713 adferre»

1539 1761 1905 1845 diffltans
1934 1820 1962 1864 ,
2009 1758 2545 1869 dedutlusque
2628 1756 2723 1843 ab
2779 1755 3255 1867 janitoribus
3312 1758 3415 1842 ad
3462 1755 3842 1841 libertum
3884 1757 4237 1840 Neronis
4267 1814 4297 1859 ,
4367 1788 4464 1844 10

1501 1930 1506 1935 ·
1535 1883 2181 2000 Epaphroditum
2215 1894 2276 1989 ²,
2304 1914 2500 1969 mox
2538 1884 2633 1970 ab
2668 1915 2768 1971 eo
2796 1884 2895 1969 ad
2930 1888 3355 1973 Neronem
3384 1944 3414 1989 ,
3456 1914 3749 1997 urgens
3792 1879 4238 1999 periculum
4268 1941 4302 1985 ,

1539 2042 1823 2123 graves
1875 2010 2477 2120 conjurationes
2526 2072 2555 2115 ,
2617 2019 2701 2096 ὅ(
2744 2038 3012 2097 cetera
3077 2041 3246 2122 quae
3305 2012 3665 2096 audierat
3714 2069 3744 2114 ,
3795 2004 4302 2114 conjeEtave-

1541 2164 1880 2248 ratque,
1932 2137 2201 2225 docet.
2224 2135 2522 2222 Telum
2551 2167 2871 2248 quoque
2900 2141 2984 2219 in
3015 2167 3303 2224 necem
3336 2134 3505 2244 ejus
3536 2164 3897 2251 paratum
3919 2135 4302 2238 ostendit,

1543 2265 1952 2373 accirique
2006 2263 2232 2347 reum
2269 2259 2503 2369 juffit.
2567 2264 2646 2345 Is
2695 2288 2966 2375 raptus
3020 2293 3162 2376 per
3210 2259 3507 2345 milites
3536 2320 3563 2363 ,
3617 2269 3699 2345 &
3754 2260 4301 2345 defensionem

1542 2389 1806 2491 orsus,
1849 2422 1894 2464 «
1922 2390 2303 2492 Ferrum,
2341 2384 2567 2493 cujus
2598 2413 3103 2498 argueretur,
3143 2386 3346 2471 olim
3395 2385 3788 2499 religione
3826 2382 4074 2499 patri&
4131 2383 4302 2471 cul-
4370 2415 4464 2497 15

1543 2540 1827 2616 ntum,
1884 2522 1966 2598 δε
1996 2516 2081 2597 in
2112 2510 2498 2601 cubiculo
2535 2510 2898 2598 habitum
2919 2574 2948 2617 ,
2997 2545 3092 2600 ac
3141 2513 3420 2599 fraude
3457 2511 3727 2597 liberti
3758 2510 4217 2626 subreptum
4242 2527 4289 2590 ›2‘

1545 2640 1984 2755 respondit.
2059 2672 2106 2715 «
2142 2638 2498 2723 Tabulas
2566 2640 3017 2723 testamenti
3072 2641 3347 2755 saepius
3397 2672 3440 2724 a
3486 2641 3566 2724 se
3599 2698 3627 2743 ,
3689 2646 3773 2723 ὅ(
3823 2634 4304 2723 incustodita

1548 2767 1926 2850 »dierum
1959 2762 2557 2865 observatione,
2586 2765 2953 2876 signatas.
2978 2769 3368 2851 Pecunias
3401 2774 3484 2850 &
3521 2763 3927 2849 libertates
3952 2766 4190 2849 servis
4218 2773 4303 2848 ὃ(

1547 2926 1594 2970 »
1614 2893 1798 2976 ante
1836 2893 2057 2976 dono
2109 2891 2371 2975 datas:
2398 2890 2538 2978 sed
2573 2889 2759 2976 ideo
2790 2919 2985 2977 tunc
3014 2891 3309 3005 largius
3331 2952 3361 2996 ,
3403 2893 3591 3003 quia
3620 2895 3846 2976 tenui
3871 2888 4032 2999 jam
4068 2920 4152 2975 re
4175 2890 4299 2974 fa·-

1549 3016 1908 3101 »miliari
1940 3077 1969 3120 ,
2027 3023 2111 3101 ὅ(
2152 3015 2618 3103 instantibus
2673 3018 3203 3106 creditoribus
3242 3077 3270 3123 ,
3349 3020 3823 3104 testamento
3881 3016 4303 3104 diffideret.
4363 3051 4470 3112 20

1546 3145 2050 3228 »Enimvero
2077 3140 2448 3229 liberales
2499 3144 2805 3259 semper
2849 3145 3126 3261 epulas
3161 3146 3510 3229 struxisse
3534 3207 3563 3250 ,
3615 3155 3698 3230 δε
3748 3148 4000 3230 vitam
4054 3175 4307 3232 amoe-

1550 3300 1804 3354 »nam
1839 3279 2011 3373 ³,&
2061 3268 2277 3354 duris
2304 3266 2706 3377 judicibus
2744 3302 3023 3387 parum
3071 3270 3515 3388 probatam.
3579 3276 3976 3359 Fomenta
4032 3270 4311 3356 vulne·-

1549 3394 1830 3481 »ribus
1873 3393 2098 3478 nulla
2121 3391 2326 3501 jussu
2362 3397 2547 3491 suo;
2589 3397 2722 3481 sed
2759 3402 2943 3509 quia
2974 3425 3239 3483 cetera
3288 3396 3557 3513 palam
3593 3429 3799 3482 vana
3841 3392 4253 3502 objecisset
4279 3456 4313 3500 ,

1552 3519 2055 3632 »adjungere
2093 3524 2402 3605 crimen
2430 3581 2457 3623 ,
2505 3518 2731 3628 cujus
2769 3525 2850 3608 se
2891 3526 3182 3639 pariter
3227 3525 3580 3608 indicem
3638 3532 3722 3609 ὅ(
3773 3525 4050 3607 testem
4089 3523 4310 3607 face-

1551 3675 1851 3732 aret».
1880 3644 2191 3751 Adjicit
2215 3646 2438 3730 dietis
2474 3652 2998 3734 constantiam
3030 3683 3046 3731 :
3074 3652 3386 3734 incusat
3407 3648 3623 3735 ultro
3672 3685 3717 3726 «
3756 3647 4314 3754 intestabilem,
4365 3683 4410 3733 2
4424 3674 4464 3757 5

1554 3782 1706 3857 n&
1735 3769 2372 3858 consceleratum
2399 3808 2489 3875 »,
2536 3773 2756 3861 tantfi
2809 3779 3037 3862 vocis
3086 3805 3180 3860 ac
3217 3774 3486 3861 vultfis
3543 3778 3966 3862 securitate
3991 3834 4019 3879 ,
4072 3803 4164 3861 ut
4201 3774 4315 3860 la·-

1551 3899 1783 3998 baret
1818 3896 2213 3992 indicium
2236 3957 2266 4006 ,
2292 3900 2432 3983 nist
2453 3899 2891 4000 Milichum
2926 3932 3135 3993 uxor
3160 3902 3731 4007 admonuisset,
3785 3935 3829 3979 «
3859 3904 4312 3998 Antonium

1555 4240 2057 4334 Optime-vertit
2105 4244 2451 4310 Davanzati
2505 4294 2525 4324 ,
2571 4249 2601 4307 ὁ
2636 4267 2779 4309 come
2805 4246 2896 4306 al-
2976 4248 3206 4311 dicium
3229 4245 3310 4311 est
3333 4245 3506 4328 supra
3521 4248 3747 4314 Annal.
3780 4253 3948 4328 XIV,
3983 4263 4084 4327 19.'

1550 4342 1689 4416 sum
1728 4324 1986 4403 scrrvono
2037 4320 2109 4384 da
2158 4322 2317 4403 quelli
2347 4323 2897 4406 undamentinesss·
3051 4338 3077 4367 ²
3121 4330 3682 4407 Eramnomwn]
3727 4329 3976 4394 Neroni
4006 4343 4136 4392 erat
4174 4348 4210 4392 a
4236 4327 4311 4389 li-

1551 4404 1699 4481 pzcd.
2778 4454 2783 4458 .
2973 4405 3196 4469 bellis:
3272 4426 3416 4470 uem
3439 4423 3652 4472 tamen
3682 4407 3935 4473 fortuna
3965 4408 4170 4469 minus
4207 4425 4313 4466 ce-

1636 4493 1661 4542 .¹
1708 4483 1777 4542 In
1810 4498 2055 4544 uon-ros
2101 4483 2581 4571 §pnvrrranosJ
2645 4484 2894 4547 Locum
2975 4486 3214 4549 lebrem
3270 4485 3394 4550 ecit
3416 4533 3435 4561 ‚
3473 4489 3663 4567 quam
3690 4488 3895 4551 servus
3929 4487 4057 4563 ejus
4077 4481 4314 4562 Epicte-

1553 4558 1891 4630 hortorum
1941 4559 2431 4650 Seruilianorum
2487 4582 2679 4626 nemo
2720 4577 2897 4625 vete·
2976 4580 3072 4628 tus
3093 4610 3114 4640 ,
3139 4564 3499 4629 Stoicorum
3521 4566 3784 4631 antistes.
3808 4565 4060 4643 Quanto
4083 4559 4316 4624 melior

1551 4658 1702 4706 ,rum
1725 4637 1935 4701 docet.
1978 4639 2294 4701 Exrstrmat
2331 4655 2545 4703 tamen
2573 4642 2858 4705 Donatus
2876 4689 2895 4717 ‚
2979 4644 3246 4708 domino
3274 4643 3479 4708 servus
3507 4644 3524 4707 Ξ

1558 4715 1640 4782 de
1672 4717 1838 4805 Urbe
1859 4718 2045 4805 Rom.
2069 4717 2200 4793 111,
2241 4738 2314 4797 ²3
2343 4765 2361 4793 ,
2407 4718 2552 4782 illos
2612 4718 2789 4782 fuiffe
2832 4720 2899 4781 in
3058 4733 3079 4777 3
3125 4728 3343 4788 VrrAu
3372 4726 3700 4798 aucun]
3731 4714 4050 4783 Liber-ales
4072 4715 4132 4779 se
4163 4716 4316 4779 sem-

1554 4792 1646 4852 lx
1681 4793 1859 4880 §errs
1889 4814 2148 4874 regione
2183 4795 2348 4859 haud
2379 4798 2600 4877 procul
2637 4819 2673 4861 a
2747 4816 2897 4862 onte
3021 4822 3085 4862 er
3134 4801 3340 4880 epulas
3396 4800 3661 4862 struxisse
3704 4844 3724 4870 ‚
3777 4797 3943 4859 suam
3993 4815 4071 4857 ue
4112 4794 4314 4858 vitam

1553 4869 1932 4935 Janrculenfi
1951 4917 1970 4944 ‚
1997 4893 2163 4935 nunc
2188 4872 2395 4935 IePont
2414 4874 2480 4936 de
2497 4875 2681 4937 Sixce.
2762 4883 2899 4940 orte
3008 4878 3151 4942 uisse
3176 4896 3484 4941 amoenam
3505 4925 3526 4954 ,
3577 4879 3648 4945 ὃς
3683 4876 3849 4952 duris
3874 4875 3940 4954 ju
3986 4873 4189 4948 icibus
4211 4893 4317 4955 pa-

1551 4963 1797 5022 ,nomen
1810 4966 2175 5032 acceperant
2195 4954 2334 5034 aM.
2357 4954 2629 5021 Servilio
2664 4956 2743 5021 de
2767 4976 2896 5038 quo
2977 4979 3116 5023 rum
3144 4958 3494 5040 probatam.

3868 5074 3915 5122 >2
3933 5044 4104 5128 Nat
4115 5036 4324 5126 alem
