4975 6149
1512 480 1690 556 310
2115 441 3763 531 SUPPLEMENTUM

1506 584 1816 699 »semet
1860 608 2149 695 vidisse
2202 632 2674 723 portentum
2721 605 2929 693 illud
2957 666 2985 712 ,
3042 608 3368 723 flagitiis
3413 604 4172 715 commaculatum)
4225 610 4314 698 in

1224 728 1286 778 A.
1309 729 1371 778 U.
1394 728 1456 777 C.

1268 820 1417 881 821.

1286 932 1336 980 J.
1359 930 1423 981 C.

1264 1023 1393 1083 .68.

1507 745 2022 855 »stuprorum
2105 743 2192 821 ὅ(
2270 739 2778 822 theatrorum
2841 736 3239 852 propudia
3307 734 3814 839 resolutum,
3874 737 4314 823 citharoedi

1508 861 1841 982 »gloria
1872 865 2244 950 insanum
2283 862 2517 947 simul
2560 873 2645 949 ὅ(
2684 863 3138 975 indignum.
3183 863 3356 947 Cur
3402 893 3601 977 ergo
3647 863 3975 949 Caesaris
4003 923 4033 969 ,
4081 868 4314 951 Prin-

1504 1034 1554 1078 »
1572 997 1780 1111 cipis
1804 1053 1834 1099 ,
1872 993 2213 1105 Augusti
2236 989 2499 1076 titulis
2524 1051 2552 1095 ,
2578 1021 2781 1104 quos
2811 991 3079 1075 Divus
3104 990 3512 1103 Augustus
3546 987 3977 1077 virtutibus
4003 1052 4031 1096 ,
4077 994 4313 1080 divus

1507 1158 1556 1207 ³>
1577 1123 1971 1208 Claudius
2005 1118 2425 1205 beneficiis
2458 1118 2644 1203 sunt
2672 1118 3151 1223 consecuti,
3188 1118 3579 1204 infamem
3606 1118 4254 1206 Ahenobarbum
4281 1132 4308 1169 ¹
4427 1136 4488 1223 ς’

1507 1250 2271 1339 »condecorarentl
2326 1251 2747 1335 Vocarent
2795 1243 3036 1330 illum
3085 1240 3560 1358 Thyesten,
3612 1247 3999 1363 OEdipum
4028 1307 4057 1352 ,
4106 1247 4319 1336 Alc...

1506 1409 1970 1464 »maeonem
2006 1438 2037 1484 ,
2103 1378 2447 1465 Oresten
2508 1385 2598 1482 ²,
2654 1378 3042 1488 quoniam
3107 1374 3750 1492 parricidialibus
3821 1382 3907 1461 Gt
3992 1378 4315 1497 incestis

1506 1505 2042 1595 »nominibus
2086 1502 2593 1618 glotiaretur.
2631 1504 2952 1617 Ecquid
2985 1507 3072 1588 in
3111 1500 3351 1612 hujus
3389 1508 3914 1589 veneratione
3949 1504 4314 1620 perseve-

1506 1662 1842 1723 »rarent
1869 1694 1899 1740 ,
1951 1636 2091 1746 qui
2132 1630 2358 1717 nulla
2396 1634 2786 1749 Imperii,
2839 1628 3012 1717 sola
3062 1630 3494 1717 libidinum
3539 1636 3623 1716 vi
3665 1630 4052 1717 subnixus
4078 1692 4110 1738 ,
4166 1664 4314 1747 ge-

1505 1766 1750 1849 »neri
1782 1766 2147 1849 humano
2186 1758 2500 1845 bellum
2538 1760 2984 1846 indiceret!
3037 1757 3403 1868 Majores
3439 1787 3729 1846 >eorum
3765 1759 4043 1877 praedae
4090 1764 4313 1877 cupi·
4380 1786 4471 1848 ιο

1506 1891 1766 1976 »dine
1816 1888 2018 1975 olim
2071 1891 2431 1975 Romam
2468 1889 2985 2004 expugnasse.
3019 1888 3117 1973 Id
3157 1889 3487 2002 quidem
3527 1892 3614 1971 in
3655 1892 3809 1974 hac
3847 1915 4315 2004 temporum

1505 2017 1936 2104 »barbarie
1977 2016 2207 2103 fuisse
2253 2020 2704 2132 egregium.
2744 2021 2861 2102 At
2907 2048 3128 2102 nunc
3164 2078 3196 2123 ,
3256 2016 3400 2101 ubi
3459 2020 3743 2131 vigent
3790 2019 4312 2103 humanitatis

1505 2147 2068 2259 »honorisque
2114 2147 2420 2249 studia,
2493 2171 2743 2259 penes
2794 2145 3009 2258 ipsos
3059 2142 3216 2228 effe
3259 2143 3621 2229 melioris
3695 2153 3778 2229 ὃ(
3830 2142 4311 2231 immortalis

1504 2274 1925 2358 »nominis
1976 2270 2352 2385 gloriam.
2413 2269 2626 2355 Orbi
2681 2270 3298 2382 succurrerent:
3352 2272 3433 2355 se
3475 2273 4013 2384 Romamque
4066 2275 4153 2355 in
4210 2271 4310 2355 li-

1504 2398 1968 2485 »bertatem
2016 2400 2555 2484 vindicarent.
2607 2396 2733 2483 Eo
2782 2424 3124 2482 ventum
3174 2398 3330 2483 effe
3355 2456 3383 2502 ,
3427 2406 3590 2508 quo
3645 2424 3927 2484 ceterae
3975 2425 4309 2513 genteS,
4376 2429 4463 2512 ις

1507 2524 1804 2612 »malis
1849 2528 2069 2609 viaae
2101 2585 2129 2629 ,
2180 2525 2382 2610 istud
2429 2526 2677 2610 decus
2719 2529 3094 2610 certatim
3137 2525 3413 2610 forent
3451 2526 3955 2612 affeRaturae.
3990 2529 4315 2645 Incoep-

1504 2656 1637 2739 »ti
1685 2650 2010 2738 laudem
2051 2651 2192 2737 fibi
2242 2655 2554 2768 praeripi
2598 2682 2699 2737 ne
2752 2653 3097 2739 sinerent
3142 2687 3230 2734 ».

1634 2780 1994 2865 LXIX.
2060 2782 2451 2867 MAGNO
2501 2782 2832 2865 fremitu
2871 2790 2956 2866 ὅ(
3015 2777 3301 2896 plausu
3350 2808 3699 2899 excepta
3751 2784 4041 2869 oratio.
4096 2784 4310 2869 Mox

1503 2909 1685 2994 suas
1733 2911 1822 2991 in
1870 2910 2241 2994 civitates
2287 2908 2624 3020 quisque
2681 2906 2986 2994 alacres
3041 2906 3462 2994 discelsere
3487 2970 3516 3015 ‚
3569 2914 3966 2996 strenuam
3988 2941 4312 3027 promp-

1502 3062 1831 3150 tamque
1872 3066 2200 3154 operam
2240 3033 2624 3153 polliciti.
2651 3037 2984 3124 Vindex
3036 3062 3309 3122 autem
3355 3069 3610 3126 novas
3671 3041 3773 3128 ad
3817 3037 4170 3126 Galbam
4209 3036 4310 3122 li-
4361 3056 4466 3117 20

1502 3190 1714 3250 teras
1748 3165 1962 3248 misit
1999 3165 2328 3278 quibus,
2371 3160 2741 3250 nuntiata
2781 3164 3218 3252 Gallorum
3254 3166 3734 3273 voluntate,
3775 3165 3949 3277 ejus
3994 3170 4312 3252 animos

1502 3292 1843 3408 spesque
1887 3294 2232 3380 inflaret.
2284 3291 2724 3381 Haefitabat
2774 3295 3045 3380 adhuc
3099 3293 3430 3394 Galba3
3481 3294 4046 3409 terrebantque
4096 3297 4312 3379 ami-

1499 3450 1797 3505 corum
1840 3417 2011 3527 ejus
2048 3419 2374 3537 plurimi
2404 3481 2433 3526 ‚
2472 3422 2700 3533 quod
2740 3456 2788 3498 α
2827 3423 3247 3534 quomodo
3277 3453 3407 3509 res
3446 3423 3817 3511 Vindicis
3853 3442 4316 3528 verterentj

1498 3577 1743 3658 »φιτ
1790 3547 1983 3633 effet
2031 3549 2271 3634 Urbis
2336 3547 2770 3634 inclinatio
2812 3558 2886 3656 ³,
2934 3551 3525 3667 opperiendum
3570 3586 3616 3629 »
3689 3551 4142 3639 censerent.
4190 3551 4313 3634 At

1434 3743 1437 3746 .
1498 3675 1891 3761 fiduciam
1945 3676 2252 3762 addidit
2305 3678 2410 3763 T.
2462 3680 2754 3765 Vinius
2795 3688 2836 3739 ⁴
2867 3739 2899 3785 ,
2958 3675 3257 3765 horum
3334 3681 3837 3797 praecipuus,
3899 3687 3991 3764 ὅ(
4036 3707 4307 3764 rerum
4366 3702 4411 3757 2
4424 3696 4464 3778 5

1502 3832 1904 3888 novarum
1935 3863 1963 3907 ,
2011 3805 2285 3919 praedae
2332 3805 2472 3922 spe
2519 3810 2836 3922 magis,
2887 3804 3131 3919 quam
3180 3811 3268 3893 in
3321 3808 3676 3894 Galbam
3714 3807 3973 3891 studio
4001 3865 4033 3911 ,
4073 3809 4310 3923 cupi-

1504 3929 1680 4014 dus.
1730 3931 1974 4016 Dixit
2014 3965 2060 4008 «
2113 3934 2697 4048 supervacuam
2762 3934 3499 4022 consultationem:
3537 3933 4030 4018 furiosorum
4080 3933 4237 4019 effe
4271 3991 4305 4038 ,

1498 4061 1841 4140 »utrum
1882 4060 1970 4142 in
2020 4063 2380 4148 Neronis
2423 4063 2584 4150 fide
2637 4066 3128 4180 perstarent«,
3166 4089 3514 4170 quaerere
3541 4093 3632 4144 >2-
3680 4061 3901 4145 Tum
3945 4061 4046 4146 ad
4099 4059 4307 4146 Gal-

1498 4181 1693 4271 bam
1736 4188 2225 4291 conversus,
2270 4221 2317 4264 «
2359 4189 2702 4276 Videret
2749 4189 2918 4304 ipse
2945 4248 2976 4294 ,
3037 4193 3226 4275 cum
3269 4184 3648 4303 publicus
3692 4191 3940 4275 hostis
3990 4189 4084 4274 fit
4128 4192 4305 4274 Ne-

1503 4345 1551 4389 »
1571 4342 1707 4417 ro,
1733 4312 2117 4402 malletne
2161 4316 2602 4403 Vindicem
2619 4312 3434 4426 fortunaeadjutorem
3460 4314 3758 4404 habere
3789 4379 3817 4423 ,
3849 4317 4303 4405 anVindici
4361 4362 4478 4446 30

1496 4438 1880 4528 „bellum
1922 4445 2340 4544 indicere3
2390 4445 2530 4557 qui
2584 4473 2772 4529 eum
2822 4449 3091 4562 potius
3137 4471 3460 4565 optaret
3501 4448 4015 4564 Principem,
4057 4441 4303 4554 quam

1586 4709 1605 4738 ¹
1653 4703 2207 4782 Antonianum]
2258 4706 2436 4770 Nero
2500 4703 2669 4769 filius
2730 4720 2863 4770 erat
2934 4706 3051 4771 bat
3080 4708 3287 4772 Nero:

1501 4774 1777 4840 Domitii
1840 4781 2274 4849 Ahenobarbi.
2349 4784 2515 4852 Vide
2583 4790 2863 4852 Stemma
3023 4798 3046 4842 ³
3092 4791 3283 4850 Unms
3319 4805 3685 4850 metrum-10
3726 4775 4099 4859 JPlutarch.
4133 4775 4300 4841 ibid.

1503 4855 1845 4933 Caesarum,
1884 4881 2056 4925 num.
2094 4886 2192 4943 34.
3020 4876 3054 4916 4
3092 4869 3174 4928 Τ.
3246 4871 3301 4930 V
3332 4888 3355 4928 r
3385 4888 3423 4927 u
3447 4886 3467 4924 1
3491 4885 3532 4923 u
3561 4884 3590 4924 s
3635 4863 3667 4937 ]
3744 4856 4102 4921 Plutarchus
4134 4856 4297 4920 ibid.

1551 4941 1616 5023 οἱ
1670 4935 2009 5025 Turissa-pu
2034 4983 2052 5000 .
2082 4987 2098 5001 .
2126 4985 2144 5001 .
2186 4947 2493 5008 Onus-rau
2526 4946 2558 5020 ]
2605 4944 2863 5026 Tragoe-
2943 4945 3097 5011 Τίτος
3135 4945 3387 5007 ὀςιίηος.
3425 4942 3591 5006 Male
3631 4945 3940 5021 Interpres
3989 4937 4297 5008 Latinus,

1498 5010 2066 5095 diarumnomma,
2099 5037 2360 5101 quarum
2387 5024 2679 5102 personas
2715 5043 2860 5105 age·
2939 5018 3103 5086 Titus
3141 5017 3377 5086 Junius.
3942 5039 3952 5050 ·
