4975 6149
1522 491 1704 568 420
1903 458 2355 544 NOTAE
2449 452 2621 539 ET
2713 449 3919 541 EMENDATIONES

1523 615 1683 717 ipsa
1733 612 2150 714 displicuit,
2199 610 2399 713 qubd
2450 610 2545 685 sae
2602 636 2641 686 e
2671 609 3035 686 deerraret
3077 607 3172 683 ad
3203 633 3463 711 parum
3515 607 3833 684 idoneos
3848 661 3875 702 ‚
3924 605 4326 709 praetoress*

1529 741 1672 819 que
1710 713 1944 789 aerarii
1997 711 2085 785 ab
2136 711 2557 811 imperatori
2612 736 2692 786 us
2731 712 2976 787 creati.
4294 772 4305 781 .

1642 810 1995 887 Claudius
2016 867 2046 900 ‚.
2085 810 2382 914 antiqua
2428 812 2733 887 nomina
2779 809 3182 888 revocandi
3247 811 3500 885 avidus
3526 866 3548 899 ‚
3591 807 3978 911 quaestores
4036 810 4321 885 rursum

1528 910 1883 1011 imposuit
1903 967 1924 1000 ‚
1976 910 2210 1013 iisque
2250 939 2469 984 curam
2498 916 2718 985 aerarii
2745 914 3014 985 Saturni
3047 910 3324 982 reddidit
3347 970 3364 995 ,
3395 922 3584 1006 quam
3612 912 3818 981 medio
3854 931 4128 1003 tempore
4149 938 4319 1004 prae-

1529 1039 1737 1099 tores,
1773 1036 1887 1085 aut
1929 1018 2140 1109 utique
2169 1012 2457 1104 praeturd
2490 1012 2712 1106 funili
2745 1010 3185 1107 sustinuerant
3209 1062 3232 1096 ,
3281 1011 3586 1081 Sueton.
3623 1008 3705 1081 in
3739 1007 4000 1082 Claud.
4043 1007 4309 1084 XXIV.

1532 1110 1695 1186 Nec
1713 1108 2098 1211 quaestores
2125 1109 2332 1199 illos,
2361 1131 2443 1182 ut
2470 1110 2675 1197 ante,
2712 1133 2992 1183 annuos
3022 1105 3245 1195 fecit3
3283 1106 3411 1181 sed
3440 1132 3571 1206 per
3598 1107 3992 1181 triennium
4017 1108 4312 1208 praeeffe

1529 1211 1822 1300 voluit3
1878 1235 1965 1284 ac
2009 1234 2103 1284 ne
2167 1208 2419 1310 segnes
2490 1233 2790 1282 munere
2843 1208 3353 1309 fungerentur,
3405 1232 3481 1280 re
3523 1205 3761 1308 gesta,
3816 1232 3944 1283 eos
3996 1210 4308 1307 praetura¹

1511 1311 1771 1386 *aliave
1806 1309 2142 1385 mercede
2167 1309 2676 1384 munerabatur
2698 1365 2720 1399 ,
2765 1307 2925 1383 Dio
2952 1364 2973 1399 ‚
3005 1306 3155 1382 LX.
3184 1332 3352 1409 pag.
3391 1310 3567 1382 680.
3597 1306 3739 1382 His
3843 1305 4259 1384 uaestoribus
4279 1367 4306 1401 ,

1588 1410 1844 1484 timum
1877 1435 1995 1484 ma
2046 1408 2358 1485 istratum
2405 1407 2755 1511 vigesimo
2786 1411 3048 1511 quinto
3077 1406 3307 1483 aetatis
3351 1432 3547 1483 anno
3591 1433 3771 1508 cape
3827 1408 4152 1499 entibus,
4181 1433 4313 1485 ro*-

1528 1437 1668 1585 bur
1696 1510 1976 1585 deerat:
2080 1535 2206 1585 ero
2237 1511 2549 1609 praetura
2578 1509 2992 1608 perfunctos
3022 1514 3091 1583 ὅ(
3120 1506 3573 1607 experientia
3603 1508 3957 1607 probatos
3990 1508 4153 1584 dele
4209 1511 4312 1600 it,

1531 1635 1920 1711 curamque
1961 1610 2191 1684 aetarii
2225 1634 2310 1683 ac
2342 1609 2748 1684 tabularum
2782 1608 3239 1709 publicarum
3277 1633 3319 1681 a
3356 1605 3824 1710 quaestoribus
3878 1607 3972 1682 ad
4000 1538 4310 1707 prejec-

1528 1730 1645 1784 tos
1680 1709 2055 1784 transtulit.
2104 1709 2499 1811 Conjicere
2532 1709 2708 1784 licet
2740 1735 2829 1783 ex
2866 1708 3112 1783 Plinio
3141 1732 3275 1783 eos
3308 1737 3428 1804 per
3454 1712 3778 1782 biennium
3806 1708 4015 1812 fungi
4046 1709 4304 1784 solitos

1526 1808 1735 1905 officio
1786 1810 2250 1907 laboriofiffimo
2312 1812 2388 1881 Cr
2422 1816 2713 1882 maximo
2750 1870 2770 1896 ,
2821 1831 2903 1884 ut
2956 1808 3284 1909 l'oquitur
3349 1808 3665 1900 Plinius,
3720 1807 3873 1911 ipse
3936 1810 4306 1910 praefectus

1523 1908 1795 1998 aerarii,
1833 1908 2240 2010 imperante
2275 1908 2624 2008 Traiano,
2651 1907 2839 1984 Prin.
2874 1911 2954 1984 in
2985 1908 3179 1983 Pane
3284 1907 3410 1982 ric.
3448 1908 3640 1984 XCI.

1627 2013 1810 2084 Haec
1842 2010 2239 2086 enarranda
2275 2008 2516 2100 fuere,
2563 2030 2644 2084 ut
2677 2010 3185 2110 explanaretur
3308 2008 3556 2085 acitus.
3593 2009 3815 2086 Nunc
3868 2012 4047 2086 verb
4102 2013 4309 2110 juvat

1522 2132 1705 2205 opes
1751 2110 2024 2283 agrarii,
2073 2132 2229 2188 tum
2281 2107 2510 2188 stante
2568 2110 2994 2211 republica,
3034 2132 3191 2188 tum
3234 2109 3755 2213 imperantibus
3802 2110 4325 2218 Principibus,

1515 2232 1757 2310 expen
1814 2234 1962 2285 ete.

2022 2388 2450 2502 AErariz'
2491 2426 2733 2542 opes
2764 2473 2799 2530 ,
2828 2389 3187 2544 stante
3233 2388 3793 2543 republica<

1612 2608 1855 2683 Anno
1889 2609 2112 2684 Urbis
2146 2613 2464 2688 conditae
2495 2640 2736 2690 emax
2758 2670 2779 2704 ,
2802 2615 3084 2690 Consul
3113 2615 3438 2717 Papirius
3457 2671 3479 2705 ‚
3506 2613 3803 2690 devictis
3831 2608 4307 2702 Samnitibus,

1509 2705 1959 2809 triumphum
1996 2708 2169 2810 e‘git.
2224 2712 2312 2785 In
2343 2715 2557 2788 trium
2614 2716 2694 2790 hi
2719 2717 2997 2813 pompa
3022 2725 3166 2789 aeris
3202 2722 3432 2815 gravis
3485 2716 3845 2810 tranfhefi‘a
3884 2716 4009 2793 Ῡῑζ
4035 2712 4168 2806 (id
4196 2711 4296 2789 est

1512 2812 1750 2897 vicies,
1808 2808 1932 2881 seu
1975 2808 2180 2911 quod
2232 2810 2430 2886 idem
2484 2743 2624 2903 esi),
2676 2819 2869 2886 vicies
2910 2838 3170 2887 centena
3211 2817 3477 2902 millia)
3538 2814 3612 2885 cr
3648 2819 4111 2913 quinquaginta
4163 2820 4294 2887 tria

1510 2910 1783 2979 millia:
1827 2909 1898 2980 id
1930 2936 2013 2982 aes
2059 2909 2382 2984 redat‘ium
2430 2939 2519 2983 ex
2579 2917 2855 3007 captivis
2926 2913 3279 2990 dicebatur.
3319 2915 3635 3012 Argenti,
3705 2912 3872 3014 quod
3909 2935 4162 3009 captum
4202 2939 4286 2985 ex

1508 3008 1768 3080 urbibus
1800 3031 1940 3081 erat
1967 3040 2036 3082 P.
2077 3040 2165 3086 M.
2223 3039 2568 3084 cccxxx·
2608 3014 2815 3085 Omne
2866 3038 2948 3085 aes
2994 3037 3452 3115 argentumque
3494 3021 3562 3087 in
3596 3019 3899 3088 aerarium
3929 3014 4290 3104 conditum,

1505 3105 1763 3179 Livius
1815 3108 1913 3195 X,
1945 3111 2075 3205 46.
2111 3109 2229 3184 Sic
2261 3110 2457 3186 enim
2489 3110 2613 3211 hic
2671 3111 2831 3187 Titi
2870 3112 3069 3189 Livii
3115 3114 3323 3190 locus
3370 3114 3721 3215 legendus
3771 3111 3911 3202 est,
3965 3138 4104 3188 nec
4154 3139 4289 3187 au-

1508 3203 1762 3279 diendi
1788 3262 1808 3295 ‚
1863 3208 1990 3309 qui
2041 3235 2206 3284 cum
2238 3211 2549 3313 Sigonio
2608 3217 2804 3288 vicies
2841 3221 3073 3287 centies
3103 3218 3387 3306 millies,
3442 3214 3653 3318 quod
3697 3213 4006 3290 omnino
4049 3213 4308 3290 absur-

1510 3302 1684 3377 dum
1708 3360 1729 3393 ,
1764 3304 2011 3408 legere
2066 3332 2189 3385 aut
2218 3311 2540 3391 edidere.

1567 3407 1801 3479 Porro
1817 3408 1973 3481 aeris
1992 3411 2228 3510 gravis
2247 3438 2375 3502 2,0
2387 3436 2424 3514 5
2437 3438 2473 3511 3
2490 3435 2693 3502 ‚000.
2718 3413 2881 3488 sunt
2895 3419 3212 3491 monetae
3226 3413 3533 3489 Gallicae
3550 3414 3775 3492 librae.
3795 3475 3812 3494 .
3837 3441 3903 3505 1,
3918 3418 4197 3513 324‚82
4210 3436 4293 3517 5.1

1576 3504 1884 3606 Argenti
1929 3510 2193 3605 pondo
2233 3536 2322 3610 13
2342 3538 2438 3614 30
2458 3569 2479 3602 ,
2510 3512 2674 3587 sunt
2707 3537 3025 3592 monetae
3058 3514 3366 3592 Gallicae
3417 3515 3627 3592 librae
3662 3575 3680 3594 .
3711 3576 3729 3594 .
3759 3576 3777 3594 .
3807 3575 3825 3594 .
3853 3575 3871 3593 .
3902 3572 3921 3592 .
3966 3516 4190 3614 86‚9-3
4209 3541 4283 3591 2.

1918 3606 2207 3686 Summa
2223 3671 3803 3694 .................................
3841 3638 4009 3713 ¹241
4032 3640 4150 3710 1,7
4166 3639 4283 3715 57.

1606 3703 1842 3817 Anno
1865 3706 2087 3783 Urbis
2114 3711 2433 3789 conditae
2460 3738 2796 3793 DLxxxv1
2814 3772 2838 3805 ,
2861 3716 3203 3815 superato
3222 3715 3488 3792 Perseo
3517 3772 3538 3806 ,
3566 3715 4060 3791 Macedonum
4084 3741 4279 3816 rege,

1498 3810 2007 3978 {ffiflimulit
2034 3816 2343 3889 AEmili-us
2375 3817 2625 3889 Paulus
2656 3845 2686 3888 e
2719 3818 3143 3892 Macedonicd
3159 3819 3390 3915 praedd
3428 3817 3598 3894 HS.
3654 3839 3813 3903 MM.
3851 3823 4044 3902 (Ξὸὂ
4092 3816 4144 3892 P
4147 3815 4275 3891 lin·

1842 3963 1864 3996 2
1912 3935 1980 4008 3·
3532 3954 3539 3960 “

1608 4002 2024 4083 Sestertium
2045 4029 2604 4111 230‚000‚00‘0‚
2621 4017 2788 4095 sunt
2808 4037 3129 4096 monetae
3149 4019 3455 4096 Gallicae
3482 4019 3711 4093 librae.
3732 4076 3749 4094 .
3764 4021 4133 4118 44‚746,5
4155 4036 4275 4118 57.

1592 4101 1818 4220 Anno
1848 4107 2067 4183 Urbis
2099 4115 2420 4192 condita:
2454 4144 2722 4195 nxcvn
2748 4176 2770 4210 ‚
2810 4119 2981 4194 cum
3011 4119 3439 4220 Carthagini
3469 4117 3832 4196 excidium
3867 4140 4279 4221 pararetur,

1495 4226 1645 4274 auri
1689 4230 1760 4276 m
1804 4216 2029 4283 aerario
2064 4218 2294 4308 popu-li
2337 4219 2619 4292 Romani
2652 4221 2843 4316 fuere
2868 4271 2891 4307 ,
2946 4221 3143 4292 Sexto
3181 4221 3359 4292 Iulio
3382 4274 3407 4307 ,
3456 4220 3534 4294 L.
3566 4221 3837 4294 Aurelio
3876 4222 4228 4316 conj'ulibus
4250 4271 4277 4308 ,

1476 4302 1723 4396 Jeptem
1772 4314 1960 4382 annis
2002 4336 2151 4386 ante
2199 4317 2435 4389 bellum
2477 4321 2791 4394 Punicum
2831 4323 3093 4391 tertium
3137 4369 3162 4408 ,
3218 4320 3430 4414 pondo
3477 4350 3659 4395 Χνι.
3705 4351 3974 4396 ccccx,
4024 4322 4280 4418 argenti

1488 4428 1734 4479 χχιι.
1784 4437 1979 4482 Lxx·
2028 4413 2102 4485 ὃ·
2144 4417 2214 4486 in
2252 4441 2582 4493 numerato
2632 4447 2842 4494 LXII.
2887 4446 3206 4492 LXXXV.
3256 4449 3445 4493 cccc.
3494 4418 3681 4495 Plin.
3730 4417 4102 4509 XXXIII,
4156 4446 4228 4519 3.

1599 4501 1784 4578 Auri
1829 4510 2093 4622 pondo
2154 4518 2459 4606 16,810‚
2507 4515 2671 4591 sunt
2713 4537 3033 4594 monetae
3073 4517 3385 4595 Gallicae
3427 4518 3741 4597 librae...
3768 4525 4263 4621 15‚885‚450·

1584 4601 1898 4706 Argenti
1925 4611 2185 4709 pondo
2215 4641 2530 4708 22,070,
2580 4617 2745 4693 sunt
2772 4639 3092 4696 monetae
3117 4619 3425 4695 Gauicae
3457 4620 3695 4697 librae.
3728 4680 3745 4698 .
3779 4680 3795 4697 .
3821 4639 4122 4716 1‚442,5
4139 4638 4264 4715 50.

1479 4699 1683 4875 βέῃ
1709 4731 2089 4787 numerato
2118 4769 2140 4803 ‚
2172 4714 2294 4790 seu
2323 4715 2759 4810 sestertium,
2798 4721 3251 4823 6,285,400‚
3281 4721 3445 4797 sunt
3478 4741 3794 4797 monetae
3834 4716 4138 4890 Gallie}
4170 4713 4269 4890 li‘-

1666 4857 1686 4881 .
1713 4860 1747 4905 ,Δ
1761 4864 3779 4901 ..........................................
3820 4841 4074 4909 1,222,
4134 4841 4183 4912 9
4246 4871 4266 4889 .

1851 4907 2267 4998 Summa...
2298 4934 2412 5000 ..·.
2439 4978 3724 5006 ...........................
3768 4917 4273 5025 18‚550‚896·
