4975 6149
935 419 1312 515 LIBRI
1372 416 1858 508 DECIMI
1917 417 2309 510 SEXTI
2372 418 3127 519 ANNALmM.
3260 462 3433 539 με

643 590 878 684 nullo
936 650 964 697 ,
1038 589 1183 674 seu
1256 585 1588 671 somnus
1641 643 1671 690 ,
1754 585 1892 670 seu
1944 617 2200 704 pavor
2254 649 2284 693 ,
2364 619 2508 676 eos
2584 623 3133 712 occupaverat
3184 656 3215 704 ,
3293 629 3441 685 cu-

638 720 1009 815 biculum
1050 713 1574 834 praetrepidus
1613 717 1933 829 repetit.
1977 715 2368 802 Custodes
2405 714 2572 827 jam
2614 721 3146 837 diffugerant,
3177 727 3440 843 direp-

641 856 747 940 tis
783 853 1035 937 etiam
1088 840 1452 956 stragulis
1478 900 1508 947 ,
1570 838 1841 927 amota
1897 852 1982 929 δε
2042 843 2340 961 pyxide
2402 850 2726 935 veneni.
2782 854 3169 939 Vastitate
3201 916 3229 963 ,
3274 856 3442 939 sus-

645 977 1117 1099 picionibus
1192 967 1558 1058 turbidus
1588 1031 1615 1073 ,
1678 969 2113 1087 Spicillum
2183 972 2768 1061 mirmillonem
2817 990 2840 1026 ¹
2874 1037 2904 1084 ,
2987 980 3123 1066 vel
3165 1014 3445 1096 quem-

546 1138 598 1224 5
649 1107 858 1196 libet
943 1102 1195 1190 alium
1254 1097 1798 1215 percussorem
1822 1157 1852 1204 ,
1901 1097 2131 1207 cujus
2179 1133 2426 1188 manu
2478 1133 2755 1219 pereat
2779 1165 2809 1210 ‚
2865 1113 3228 1220 requirit.
3305 1116 3447 1199 Ne

653 1238 758 1323 ad
805 1233 893 1318 id
939 1230 1272 1344 quidem
1321 1228 1738 1311 ministerii
1786 1226 2045 1314 adesse
2095 1261 2580 1344 quemquam
2650 1236 2980 1319 miratus
3002 1293 3032 1340 ,
3087 1240 3174 1321 in
3228 1241 3452 1335 sum-z

656 1395 809 1451 mae
856 1360 1188 1444 miseriae
1233 1383 1534 1443 vocem
1576 1390 1625 1433 «
1666 1354 1808 1439 fibi
1856 1387 2121 1470 neque
2173 1363 2531 1444 amicum
2580 1361 2738 1446 esse
2766 1420 2799 1466 ,
2860 1392 3122 1475 neque
3174 1368 3452 1451 inimi-

659 1519 920 1577 »cum
961 1522 1058 1593 ι),
1103 1487 1457 1601 erumpit
1490 1542 1520 1590 ‚
1578 1487 2143 1599 procurritque
2223 1489 2437 1602 quasi
2514 1491 3150 1605 praecipitaturus
3231 1494 3314 1578 se
3367 1497 3451 1581 in

661 1617 1030 1705 Tiberim
1088 1622 1149 1699 ².

518 1771 615 1831 ιο
788 1742 1334 1829 LXXXIV.
1398 1736 1550 1825 AT
1609 1740 1862 1826 vitam
1910 1740 2315 1851 exosum,
2387 1748 2671 1834 mortis
2746 1746 3129 1861 pavidum
3167 1808 3195 1855 ,
3271 1750 3460 1835 sistit

665 1875 1113 1959 inveterata
1157 1865 1547 1956 mollities
1591 1898 1616 1967 3
1675 1878 1761 1955 ὅ(
1807 1850 2128 1982 aliquid
2182 1871 2638 1960 secretioris
2681 1871 3002 1960 latebrae
3069 1876 3169 1961 ad
3217 1874 3460 1961 colli-

668 2000 1029 2115 gendum
1072 2000 1427 2084 animum
1480 1997 1784 2105 suadet.
1835 2001 2175 2103 Phaon,
2211 1997 2546 2087 libertus
2594 2012 2618 2062 ³
2654 2060 2684 2105 ‚
2734 2004 2964 2086 suum
3002 2000 3302 2088 obtulit
3340 2003 3464 2087 su-

674 2125 1122 2213 burbanum
1170 2129 1381 2211 inter
1423 2122 1813 2211 Salariam
1859 2134 1944 2211 &
1996 2130 2608 2213 Nomentanam
2646 2132 2862 2215 viam
2905 2140 2944 2190 4
2983 2133 3200 2215 circa
3238 2162 3463 2245 quar-

673 2280 852 2340 tum
923 2250 1413 2338 milliarium.
1464 2252 1918 2339 Tantulum
1988 2280 2264 2338 manet
2336 2258 2695 2369 Principi
2768 2257 3207 2371 suffugium
3248 2267 3267 2339 Ξ
3334 2259 3469 2343 Ac

531 2398 621 2482 ις
679 2382 892 2495 quasi
939 2379 1184 2467 fatale
1230 2382 1424 2467 esset
1470 2381 1791 2467 sordide
1833 2383 2078 2467 etiam
2112 2383 2425 2496 perire,
2490 2381 2710 2466 nudo
2734 2441 2762 2487 ,
2808 2408 2900 2467 ut
2925 2410 3096 2468 erat
3118 2442 3146 2488 ,
3186 2384 3393 2499 pede
3434 2438 3468 2488 ,

678 2511 1088 2596 tunicatus
1125 2513 1474 2616 tantum,
1519 2505 2042 2626 superinduta
2078 2507 2430 2595 obsoleti
2470 2506 2775 2597 coloris
2815 2507 3127 2625 paenulfi
3152 2519 3181 2578 5
3209 2570 3238 2616 ‚
3280 2510 3471 2595 ado-

683 2664 917 2755 perto
973 2640 1238 2754 capite
1266 2698 1294 2744 ,
1359 2645 1445 2723 ὃ(
1523 2664 1710 2723 ante
1765 2636 2063 2724 faciem
2119 2634 2462 2724 obtento
2541 2636 2905 2743 sudario,
2959 2667 3256 2752 equum
3309 2635 3471 2720 ins-

686 2764 1012 2864 cendit;
1061 2790 1406 2878 quatuor
1447 2795 1497 2849 e
1544 2761 1771 2850 tanta
1819 2766 2072 2850 modo
2110 2762 2344 2850 turba
2381 2763 2959 2852 comitantibus
2996 2823 3024 2869 ,
3091 2794 3296 2876 quos
3347 2766 3477 2847 in-

685 2918 811 2978 ter
835 2896 1137 3009 Sporus
1170 2890 1208 2939 ⁶
1233 2953 1262 2999 ‚
1298 2892 1684 2979 ultimum
1707 2951 1735 2997 ,
1773 2918 1870 2977 ut
1906 2893 2257 2977 diximus
2279 2952 2307 2996 ‚
2350 2893 2868 3007 propudium.
2903 2893 3204 3006 Tur-pis
3233 2891 3427 3005 fuga
3443 2946 3477 2996 ,

535 3034 642 3096 20
690 3019 956 3107 subito
1000 3047 1350 3107 tremore
1398 3046 1623 3106 terrae
1680 3029 1711 3079 ⁷
1752 3028 1838 3107 ὃ(
1875 3017 2197 3134 fulgure
2237 3021 2574 3105 adverso
2614 3019 3036 3122 damnata,
3078 3017 3177 3102 ad
3221 3045 3479 3103 novas

691 3175 913 3266 patet
944 3145 1304 3259 injurias,
1343 3150 1720 3236 Proxima
1765 3151 2036 3235 itineri
2066 3149 2314 3235 castra
2354 3147 2958 3235 circumsonant
2987 3140 3484 3230 clamoribus

693 3275 1048 3361 militum
1071 3338 1101 3382 ,
1144 3278 1466 3364 Neroni
1503 3276 1885 3381 adversa,
1925 3273 2211 3361 Galbae
2252 3278 2631 3394 prospera
2659 3335 2687 3382 ,
2756 3274 3322 3360 ominantium.
3356 3268 3488 3354 Ex:

693 3401 957 3489 obviis
984 3406 1231 3489 etiam
1258 3404 1743 3510 viatoribus,
1774 3402 1978 3490 alter
2002 3463 2032 3510 ,
2075 3437 2123 3482 «
2145 3407 2265 3491 Hi
2311 3409 2736 3490 Neronem
2783 3400 3364 3517 persequuntur
3392 3431 3437 3475 ³2
3455 3452 3489 3502 ,

700 3533 1124 3617 monstrat:
1169 3530 1371 3618 alter
1405 3535 1760 3645 rogitat,
1800 3566 1848 3612 ‹<
1883 3531 2205 3647 Ecquid
2242 3536 2330 3619 in
2370 3528 2589 3617 Urbe
2633 3530 2832 3615 novi
2874 3527 2977 3613 de
3016 3530 3355 3614 Nerone
3391 3528 3495 3618 »ἒ

782 3814 802 3846 ¹
850 3806 1200 3868 Saeuum
1242 3810 1764 3886 Μιιυιιιιοκειυι]
1792 3810 2058 3872 Sueton.
2220 3819 2242 3866 3
2288 3810 2512 3872 PnAou
2549 3808 2908 3886 usurus]
2945 3807 3206 3870 Sueton.
3238 3796 3311 3864 in
3341 3795 3499 3864 Ner.

701 3882 867 3948 Ibid.
912 3883 1334 3947 Mirmillones
1386 3884 1797 3961 dicebantur,
1845 3887 1955 3968 qui
1993 3887 2062 3950 in
2141 3890 2439 3955 XLVIII.
3418 3955 3431 3968 ,

704 3964 868 4027 ludis
925 3964 1217 4028 adversus
1281 3962 1569 4027 retiarios
1642 3968 2011 4047 pugnabant
2041 4012 2062 4042 ,
2221 3978 2254 4019 4
2292 3970 2769 4032 Nonam-Anam
2802 3964 3023 4040 vum]
3056 3963 3315 4022 Sueton.
3343 3953 3507 4019 ibrds

710 4042 943 4123 eosque
1008 4042 1493 4125 insequebantur
1532 4065 1550 4105 :
1611 4046 1782 4107 unde
1831 4042 2064 4105 mir-mil·
2143 4047 2376 4112 Salaria
2398 4047 2507 4110 via
2535 4044 2772 4127 aportii
2800 4040 2983 4108 Urbis
3007 4035 3270 4103 Collina
3293 4084 3313 4111 ,
3333 4054 3506 4098 nunc

712 4120 869 4181 lones
914 4122 1206 4202 appellati
1272 4142 1531 4204 quoque
1571 4122 1875 4213 ficator-es.
1933 4129 2066 4188 Ve-
2148 4126 2324 4189 Porta
2351 4125 2601 4202 Salar-a,
2630 4123 2887 4189 initium
2907 4120 3210 4186 ducebat:
3244 4115 3348 4179 via
3369 4116 3509 4176 No-

713 4215 814 4263 tus
841 4199 1202 4266 scholiastes
1229 4203 1553 4266 juvenalis
1577 4221 1646 4267 m
1668 4208 1870 4288 Satyr.
1894 4205 2069 4283 vm,
2150 4225 2447 4272 mentana
2489 4227 2529 4270 a
2586 4202 2767 4284 porta
2827 4195 3236 4268 Nomentana
3253 4241 3272 4270 ,
3338 4211 3509 4254 nunc

716 4298 869 4357 200,
2154 4286 2329 4350 Porta
2356 4284 2486 4348 Pia.
2526 4282 2825 4349 Phaontis
2848 4298 3059 4348 autem
3088 4274 3511 4342 suburbanum

1187 4360 1294 4414 Nec
1321 4361 1629 4415 mirmillonis
1661 4364 1715 4416 in
1753 4364 1920 4418 armis.
2157 4388 2327 4433 nunc
2360 4365 2598 4430 dicitur
2624 4410 2644 4439 ,
2677 4363 2732 4423 Ia
2763 4360 3131 4435 Serpentum.

718 4446 844 4511 ait:
873 4446 1143 4511 Min-millo
1165 4471 1463 4514 armaturae
1489 4451 1733 4513 Gallicoe
1766 4473 1985 4528 nomen,
2009 4471 2081 4513 ex
2241 4457 2260 4505 5
2308 4450 2575 4511 Panum
2603 4447 2633 4522 ]
2670 4438 2882 4504 Nobis
2940 4434 3133 4513 vulg&
3155 4476 3175 4507 ι
3218 4447 3292 4488 “¹²
3345 4439 3517 4487 ''²⁰¹²‘'

713 4527 863 4608 pifte
889 4527 1160 4604 inditum,
1195 4534 1352 4610 cujus
1400 4531 1583 4613 imago
1624 4533 1685 4592 in
1707 4531 1879 4613 galea
1893 4530 2082 4616 fingi·
2160 4543 2310 4588 teau.
2715 4595 2728 4608 ⁸
3410 4583 3426 4597 ,

722 4623 836 4670 rur.
896 4609 1080 4688 Apud
1122 4611 1465 4676 Gruterum
1573 4630 1608 4673 a
1655 4656 1671 4671 .
1714 4631 2083 4683 cccxxxw,
2241 4608 2269 4646 ⁶
2311 4599 2603 4675 SPORUS]
2628 4596 2807 4660 A1108
2832 4594 2990 4655 dUOS
3014 4600 3326 4650 memorat
3344 4585 3517 4661 Dm,

724 4685 918 4751 exstat
935 4688 1268 4770 Inscriptio
1301 4689 1514 4752 VLPI.
1532 4630 1704 4754 ξ’ἕῐι

725 4765 1664 4844 MILLON132vETERAN1.
1707 4765 1871 4830 Vide
1929 4783 2090 4843 quo-
2168 4760 2559 4845 phroditum.
2626 4758 2942 4844 Quartum
2992 4743 3168 4811 addit
3235 4741 3524 4807 Aurelius

726 4863 852 4980 que
891 4846 1208 4907 eruditum
1253 4846 1456 4924 Gori,
1488 4844 1737 4929 Museum
1764 4841 2088 4923 Etruscum,
2169 4840 2387 4905 Victor
2419 4835 2487 4896 in
2529 4835 2863 4910 Epitome,
2900 4823 3265 4906 Neophytum.

794 4940 925 4981 om.
967 4923 1049 4982 11.
1085 4943 1220 5002 pag.
1269 4933 1411 5000 396.
2252 4927 2281 4970 ⁷
2329 4917 2663 4981 Tumens
2695 4909 2971 4987 rasus]
3011 4909 3271 4969 Sueton.
3303 4901 3372 4966 in
3399 4899 3532 4964 loc.

815 5005 843 5036 ²
885 4997 956 5058 Iu
989 5000 1286 5062 Tranium
1305 5006 1612 5077 JSueton.
1638 5005 1767 5071 loc.
1795 4999 1906 5070 cit.
2178 4993 2293 5065 cit·

1071 5086 1150 5167 T
1141 5116 1292 5168 om.
1327 5091 1443 5173 II.
2999 5076 3055 5161 S
3081 5099 3120 5160 s

3486 629 3723 677 Ξ

3488 708 3722 762 A.U.c.

3532 801 3682 863 821.

3532 913 3582 965 J.
3602 913 3665 963 C.

3549 1007 3663 1077 68«⁴

1713 4690 1873 4752 ICIS
1898 4687 2084 4750 MIR·
2161 4684 2446 4747 LXIII.
2490 4698 2629 4759 pag.
2655 4679 2799 4756 726.
2864 4669 3211 4734 Phaontem
3257 4666 3328 4729 ὅ(
3366 4666 3551 4754 Ερειι-ν
