4975 6149
917 396 1587 492 ANNALIUM
1647 375 2018 482 LIBERx
2063 388 2585 485 DECIMUS
2651 395 3199 497 TERnUs.
3338 442 3372 498 1
3404 444 3439 500 ι
3464 442 3517 523 5

679 569 850 659 darn
873 585 910 673 ,'
968 556 1349 683 permista
1401 554 1655 646 semel
1713 550 2052 643 licentia
2097 555 2242 642 sub
2307 562 2645 646 nomine
2706 565 3143 676 Neronis,
3188 574 3431 663 inulti
3468 639 3502 685 ,
3551 605 3783 653 -ι-

677 695 1017 816 propriis
1079 721 1273 779 cum
1349 686 1677 801 globis,
1736 685 2021 771 eadem
2077 685 2607 791 exercebant,
2648 696 2735 773 <St
2772 694 2865 776 in
2915 700 3251 788 modum
3298 736 3493 822 cap·
3544 688 3773 756 ‘⁴⁰⁰‘ss

677 823 1017 924 tivitatis
1091 847 1263 905 nox
1319 814 1734 927 agebatur.
1787 812 2053 904 Julius
2106 813 2436 925 quidem
2516 817 3028 928 Montanus,
3102 829 3485 919 senatorii
3578 782 3728 952 3⁰23:

684 952 1047 1055 ordinis,
1104 946 1246 1036 sed
1305 945 1448 1055 qui
1512 941 1881 1026 nondum
1929 945 2332 1025 honorem
2383 944 2823 1058 capessiffet
2877 958 2899 993 ¹
2932 1009 2961 1053 ,
3019 961 3479 1067 congressus
3594 934 3709 1063 5⁰6,

582 1115 629 1199 5
685 1079 895 1166 forte
930 1105 1074 1193 per
1104 1069 1477 1159 tenebras
1526 1099 1716 1155 cum
1750 1071 2129 1184 Principe
2157 1129 2186 1174 ,
2243 1073 2429 1181 quia
2479 1074 2565 1154 vi
2604 1097 3145 1162 attentantem
3188 1087 3482 1168 acriter

682 1203 1133 1323 repulerat,
1169 1198 1465 1287 deinde
1503 1200 1872 1312 agnitum
1916 1224 2284 1281 oraverat
2307 1257 2336 1302 ,
2381 1200 2595 1310 quafi
2643 1201 3187 1316 exprobrasset
3208 1267 3237 1312 ,
3268 1213 3484 1297 mori

692 1335 1014 1430 adaelus
1049 1333 1204 1415 -est.
1286 1330 1520 1414 Nero
1575 1351 1851 1410 autem
1914 1328 2413 1409 metuentior
2481 1332 2572 1412 in
2638 1332 3044 1444 posterum
3091 1393 3120 1437 ,
3176 1335 3484 1425 milites

695 1460 891 1565 fibi,
935 1468 1018 1544 &
1053 1455 1475 1574 plerosque
1514 1449 2003 1568 gladiatores
2036 1452 2619 1557 circumdedit,
2658 1460 2794 1566 qui
2843 1460 3197 1544 rixarum
3244 1465 3482 1551 initia

695 1587 1059 1688 modica,
1096 1593 1181 1670 &
1225 1582 1438 1695 quasi
1486 1584 1798 1697 privata
1837 1580 2182 1665 sinerent
2212 1615 2230 1662 ε
2260 1581 2318 1662 fi
2350 1611 2395 1664 a
2431 1580 2623 1665 laefis
2671 1581 3011 1670 validius
3065 1616 3436 1700 ageretur
3447 1615 3486 1698 ,'

546 1745 643 1805 10
695 1744 905 1799 arma
976 1709 1459 1797 inserebant.
1532 1711 1979 1794 Ludicram
2062 1738 2383 1819 quoque
2434 1705 2855 1793 licentiam
2885 1771 2914 1815 ,
2974 1719 3058 1796 ὃ(
3124 1715 3486 1803 fautores

691 1842 1171 1928 histrionum
1228 1835 1454 1923 velut
1516 1838 1602 1920 in
1666 1834 1960 1952 proelia
2023 1837 2434 1919 convertit
2479 1844 2565 1941 ²,
2605 1839 3085 1952 impunitate
3144 1849 3229 1925 &
3280 1874 3485 1957 prae-

693 1970 921 2072 miis,
975 1993 1212 2077 atque
1251 1963 1419 2080 ipse
1461 1962 1842 2050 occultus
1879 2023 1908 2067 ,
1961 1970 2046 2047 ὅ(
2091 1959 2569 2078 plerumque
2616 1994 2894 2049 coram
2925 1967 3428 2083 prospefihns
3456 2001 3484 2055 t

696 2094 964 2184 donec
1011 2092 1358 2178 discordi
1405 2089 1718 2208 populo
1745 2151 1773 2198 ,
1819 2099 1903 2177 ὃ(
1942 2093 2336 2203 gravioris
2379 2092 2650 2175 motus
2684 2118 3032 2195 terrore,
3061 2124 3229 2178 non
3261 2093 3486 2182 aliud

690 2221 1138 2306 remedium
1157 2247 1569 2336 repertum
1600 2222 1752 2324 est,
1783 2217 2025 2331 quam
2052 2244 2154 2329 ut
2173 2219 2594 2304 histriones
2619 2213 2854 2304 Italia
2878 2215 3375 2334 pellerentur
3403 2234 3490 2330 ³,

557 2365 641 2447 ¹5
697 2347 1087 2460 milesque
1139 2350 1460 2435 theatro
1511 2348 1827 2432 rursum
1868 2347 2281 2433 adfideret.

816 2476 1178 2564 XXVI.
1245 2479 1434 2563 PER
1472 2475 1692 2560 idem
1738 2504 2062 2591 tempus
2109 2477 2371 2560 aditum
2413 2475 2504 2558 in
2543 2474 2825 2560 senatu
2866 2504 2913 2550 «
2941 2473 3042 2559 de
3070 2472 3492 2563 fraudibus

694 2593 1235 2691 »libertorum
1261 2637 1306 2682 n
1349 2665 1377 2710 ‚
1430 2603 2126 2718 efflagitatumque
2200 2636 2246 2679 «
2273 2628 2367 2686 ut
2402 2602 2781 2687 adversus
2818 2598 3034 2686 male
3092 2604 3422 2687 meritos
3450 2658 3491 2709 ,

695 2731 1229 2817 »revocandae
1304 2729 1695 2815 libertatis
1746 2729 1871 2841 jus
1922 2732 2285 2846 patronis
2351 2729 2673 2815 daretur
2708 2740 2861 2814 4».
2905 2732 3097 2815 Nec
3149 2729 3488 2814 deerant

702 2860 838 2966 qui
895 2857 1340 2943 censerent.
1392 2856 1556 2943 Sed
1635 2854 2010 2942 consules
2071 2853 2558 2941 relationem
2631 2858 2995 2971 incipere
3045 2884 3214 2938 non
3246 2854 3421 2940 -aufi
3450 2876 3494 2959 ,⁴

536 2998 658 3069 '20
710 2984 991 3095 ignaro
1023 2986 1438 3100 Principe,
1479 2984 2011 3102 perscripsere
2050 3009 2327 3070 tamen
2357 2983 2840 3068 consensum
2862 2982 3220 3086 senatus,
3262 2977 3488 3067 «Ille

704 3142 750 3187 a>
764 3105 931 3217 jam
982 3114 1255 3194 auElor
1289 3113 1882 3197 constitutionis
1917 3112 2189 3215 fieret,
2230 3137 2324 3195 ut
2367 3113 2579 3195 inter
2626 3142 2927 3226 paucos
2956 3120 2983 3176 5
3027 3118 3112 3193 δι
3157 3110 3492 3194 senten·-

702 3238 892 3325 »tiae
938 3237 1385 3323 adversos»
1423 3272 1442 3321 z
1487 3236 1964 3350 quibusdam
2013 3235 2402 3349 coalitam
2449 3234 2821 3321 libertate
2879 3236 3490 3318 irreverentiam

701 3367 800 3450 eo
858 3365 1298 3484 prorupiffe
1354 3364 1883 3452 frementibus
1938 3363 1976 3413 ⁶
1997 3425 2027 3471 ‚
2117 3399 2163 3444 «
2193 3390 2286 3449 ut
2343 3393 2571 3475 aequo
2641 3391 2831 3448 cum
2902 3361 3258 3477 patronis
3308 3356 3495 3469 jure

786 3604 807 3636 ⁸
856 3594 1154 3678 Nouum«
1207 3619 1533 3663 nouoneu
1595 3613 1993 3662 carassrssar
2027 3597 2058 3672 ]
2135 3596 2462 3677 plemento
2506 3593 2737 3658 Annal.
2767 3594 2864 3666 X,
2897 3614 3001 3667 29·
3028 3594 3148 3667 At,
3179 3604 3252 3654 ut
3304 3587 3493 3668 hujus

702 3671 932 3738 Junior
974 3675 1180 3740 adhuc
1205 3723 1227 3750 ‚
1278 3677 1351 3741 ὃς
1400 3681 1645 3740 tantum
1680 3673 2059 3739 laticlavius.
2137 3675 2441 3756 Principis
2505 3675 2671 3755 leges
2709 3672 3032 3762 plurimae,
3087 3671 3174 3733 ita
3230 3689 3493 3750 quoque

704 3746 876 3816 vide
926 3755 1131 3819 Notas
1174 3756 1247 3821 &
1286 3754 1781 3820 Emendationes
1804 3753 1887 3819 ad
1917 3757 2060 3818 An-
2139 3755 2453 3820 invalidae.
2510 3757 2627 3815 Ars
2681 3766 2820 3816 tota
2875 3750 3096 3831 visque
3160 3749 3370 3829 legum
3416 3767 3494 3811 ac

705 3831 833 3895 nal.
860 3835 1046 3910 XIII,
1089 3857 1129 3897 2
1137 3855 1197 3917 5.
2138 3835 2567 3918 legissatorum
2602 3831 2673 3893 in
2715 3851 2793 3894 eo
2840 3829 2998 3907 fita,
3045 3842 3117 3892 ut
3170 3846 3496 3909 perpauca

782 3921 808 3951 ²
855 3913 923 3974 Iu
966 3934 1208 3976 raama
1245 3917 1674 3992 convert-rvr]
1701 3910 2064 3975 Sueton.in
2138 3915 2258 3979 fint
2317 3915 2536 3996 leges;
2593 3909 2870 3975 violatio
2919 3928 3053 3973 rara
3069 3953 3092 3986 ,
3148 3924 3497 3988 numquam

706 3986 867 4052 Ner.
893 3992 1121 4055 XXVI.
1156 3991 1413 4054 Interdiu
1459 4013 1663 4074 quoque
1699 3989 1845 4052 clam
1875 3989 2065 4072 gesta·
2142 3990 2474 4075 impunita.

711 4068 856 4128 totid
882 4066 1026 4146 selld
1058 4068 1274 4131 delatus
1324 4075 1505 4138 Nero
1545 4072 1608 4132 in
1645 4069 1959 4146 theatrum,
1971 4070 2064 4148 J}-
2224 4085 2243 4132 5
2289 4078 2386 4138 Ur
2428 4092 2623 4136 mun
2655 4069 2948 4144 munos]
2982 4064 3312 4143 Quoniam
3345 4083 3501 4143 pau-

715 4141 1015 4206 ditionibus
1042 4150 1496 4223 pantomimorum
1541 4172 1614 4211 ex·
1637 4169 1805 4228 parte
1843 4149 2065 4288 pit-&llata-
2141 4153 2204 4218 ci
2231 4169 2408 4217 erant
2446 4151 2562 4233 qui
2597 4148 3097 4230 refragarentur,
3141 4145 3214 4208 ὃ(
3244 4158 3500 4221 patrum

659 4252 662 4255 ·
717 4222 800 4281 nii
823 4222 1133 4302 superiori,
1175 4225 1334 4308 stgni
1359 4250 1419 4290 er
1454 4228 1623 4309 fimul
1680 4249 1753 4290 ac
1788 4226 1892 4307 spe
1982 4246 2067 4290 tor
2143 4231 2466 4296 sententiae
2501 4227 2996 4293 adversarentur·

715 4297 940 4361 aderat.
980 4300 1057 4361 Et
1116 4305 1238 4364 cum
1274 4325 1310 4365 a
1398 4328 1597 4367 manus
1637 4326 1862 4371 ventum
1901 4308 2066 4389 ᾖξε,
2223 4313 2254 4353 ⁶
2294 4307 2819 4382 FnssMtu‘ruws]
2865 4296 3252 4381 Quibusdam
3319 4294 3502 4386 sena-

715 4375 1092 4458 lapidibufilue
1150 4379 1383 4520 &Aah
1406 4384 1647 4446 elliorum
1683 4384 2069 4468 fragminibus
2143 4387 2391 4455 toribus
2451 4385 2868 4451 frementibus
2900 4429 2920 4457 φ
2983 4381 3453 4462 irreverentram
3479 4420 3503 4452 ²

716 4455 1219 4535 decerneretur-,m
1303 4482 1340 4520 a
1433 4464 1684 4542 ipftjecit
1704 4465 1759 4525 in
1781 4463 2070 4543 populum,
2146 4470 2444 4533 libertate
2490 4466 2830 4537 coalitam,
2879 4462 2957 4523 eb
3004 4450 3388 4545 prorupiffe,
3432 4466 3506 4517 ut

719 4555 881 4617 atque
906 4537 1079 4600 etiam
1103 4540 1370 4614 pretor-is
1402 4559 1569 4617 caput
1605 4543 1996 4622 consauciavit.
2149 4547 2372 4610 liberti
2424 4566 2608 4626 aequo
2651 4561 2797 4606 cum
2844 4553 3123 4618 patronis
3175 4551 3311 4609 Jure
3367 4550 3508 4612 age-

800 4628 821 4671 3
868 4619 1100 4682 que.
1138 4639 1606 4682 faursnau-run
1637 4624 1682 4762 1]
1733 4624 1868 4684 Jam
1923 4620 2078 4702 pulfi
2150 4640 2338 4702 rent;
2373 4623 2421 4687 fi
2450 4623 2608 4704 quid
2638 4616 3034 4701 patroni.pro
3065 4614 3200 4692 jure
3221 4608 3332 4699 suo
3358 4631 3515 4674 con-

725 4711 763 4754 a
799 4694 1106 4771 Tiberio,
1138 4711 1210 4761 ut
1250 4698 1491 4764 dietum
1526 4697 1610 4764 est
1664 4702 1818 4780 upra
1848 4701 2075 4765 Annal.
2155 4721 2252 4767 tra
2299 4702 2576 4766 libertos
2607 4701 2977 4770 statuerent,
3004 4692 3378 4780 sententiam
3397 4709 3514 4779 eo·-

728 4773 815 4835 IV
840 4819 859 4847 2
913 4796 1014 4851 14·
2158 4799 2303 4844 rum
2367 4780 2844 4853 consultarent;
2902 4770 3275 4838 verberibus
3328 4783 3521 4830 etiam

805 4858 838 4897 4
873 4854 981 4914 Jus
1043 4873 1355 4917 uramus
1413 4858 1781 4934 nana-nm]
1830 4860 1907 4921 Id
1949 4858 2083 4936 ⁴jam
2160 4878 2395 4923 manus
2431 4859 2608 4921 ultro
2652 4854 3097 4925 intenderent,
3127 4845 3526 4926 impudenter

728 4918 1038 4999 sancitum
1057 4932 1312 4999 Claudii
1345 4932 1489 5017 lege
1521 4937 1801 5003 annuus
1826 4937 1898 5001 in
1922 4940 2086 5026 sup-f
2162 4938 2273 5006 vei
2293 4936 2602 5003 meritam
2618 4955 2870 5020 poenam
2897 4929 3332 5001 diffuadentes·
3358 4912 3539 4995 Qud

3139 5003 3285 5110 Pii
