4975 6149
1021 445 1187 534 AD
1232 449 1684 536 LIBRUM
1735 449 1929 537 XV.
1960 445 2244 538 ANN.
2283 451 2383 537 C.
2432 450 2794 540 CORN.
2830 450 3256 538 TACITI.
3370 465 3562 576 489⁴

767 597 949 676 ficut
975 599 1057 674 in
1090 600 1427 677 omnibus
1478 603 1632 679 ΜΠ.
1672 604 1833 678 haec
1861 602 1992 678 fint
2022 603 2280 681 misere
2311 605 2719 706 deturpata.
2777 605 2911 679 ΜΓ.
2955 604 3182 680 Corb.
3226 631 3333 678 nec
3387 607 3542 678 dum

759 702 905 799 post
932 726 1132 789 metus
1172 706 1347 777 haud
1386 704 1670 778 rediebat
1706 706 1863 778 levis
1892 707 1967 778 Ετ
2001 708 2247 802 rurficm
2288 709 2604 806 graffatus
2647 710 2841 805 ignis.
2867 705 3119 778 Editio
3159 704 3545 804 princep5,

772 827 881 872 nec
914 802 1065 875 dum
1106 828 1307 876 metus
1345 807 1479 897 post
1504 834 1534 875 :
1590 829 1708 877 aut
1746 803 2002 878 'redibat
2037 809 2242 895 levis,
2290 809 2694 903 (rursum,
2739 811 2874 880 δίε.
2913 804 3354 902 Corruptior
3397 806 3540 880 Ms.

766 897 967 975 Flor.
1002 904 1262 975 necdum
1299 907 1572 998 p’metus
1622 905 1899 977 rediebat
1929 908 2077 976 libis
2120 912 2145 978 i
2170 909 2321 1002 fitm
2349 907 2664 1005 graffatus
2706 911 2896 1004 ignis.
2944 903 3134 979 Haec
3172 903 3339 978 cum
3380 929 3538 980 non

766 999 1264 1101 intelligerent
1283 1001 1553 1076 librarii
1580 1057 1599 1090 ‚
1633 1025 1959 1079 veterem
1980 1003 2116 1077 scri
2172 1025 2405 1078 turam
2426 1061 2446 1094 ,
2476 1005 2716 1079 adhuc
2739 1006 3184 1079 immutatam
3203 1060 3223 1093 ,
3254 1011 3324 1079 δε
3360 1029 3537 1103 prae·

759 1118 967 1174 terea
1000 1101 1179 1203 quid
1223 1101 1355 1203 ipfi
1387 1103 1881 1200 conjicerent,
1915 1031 2299 1179 tradidere.
2330 1104 2513 1179 Inde
2558 1105 2639 1180 in
2674 1103 2832 1181 Mss.
2875 1103 3084 1179 Harl.
3111 1102 3249 1181 Jes.
3283 1103 3534 1180 Guelf.

760 1199 908 1295 post
940 1226 1140 1274 metus
1182 1228 1301 1275 aut
1337 1203 1640 1296 residebat
1689 1208 1899 1277 levis:
1949 1230 2059 1277 nec
2103 1206 2254 1277 dum
2284 1206 2489 1302 posito
2531 1230 2699 1277 metu
2746 1209 2917 1301 satis
2952 1206 3352 1293 credebatur,
3393 1230 3537 1276 cum

650 1333 654 1338 ·
770 1301 932 1372 levis
982 1304 1227 1398 rurficm
1252 1358 1272 1390 ,
1317 1307 1454 1379 &c.
1504 1302 1641 1376 Ms.
1670 1301 1888 1378 Bodl.
1918 1303 2448 1378 &Puteolanus
2472 1360 2493 1393 ‚
2523 1304 2836 1404 probata
2868 1302 3326 1377 librariorum
3364 1328 3536 1379 con-

764 1400 1035 1497 §eausa
1055 1456 1076 1489 ,
1110 1400 1472 1477 retinuere
1518 1403 1842 1494 tantum,
1887 1430 1996 1476 nec
2026 1406 2180 1476 dum
2231 1405 2721 1495 (Puteolanus
2753 1405 3033 1498 nedum)
3080 1405 3279 1499 pofito
3311 1428 3480 1476 metu
3506 1456 3535 1494 ‚

752 1500 924 1595 satis
966 1503 1332 1574 credebatur
1366 1529 1507 1575 cum
1534 1506 1690 1576 levis
1746 1509 2036 1598 rursum,
2068 1508 2205 1578 δίε.
2251 1503 2392 1580 Ms.
2445 1505 2622 1607 Agr.
2672 1529 2763 1578 ex
2813 1506 3227 1601 conjectura
3270 1502 3535 1578 eruditi

765 1596 1068 1697 alicujus
1104 1601 1290 1691 viri,
1325 1623 1408 1675 ut
1438 1601 1578 1675 alia
1604 1602 1830 1678 multa
1858 1602 1937 1675 in
1979 1602 2132 1678 hoc
2173 1602 2434 1678 codice
2463 1660 2485 1694 ,
2521 1633 2630 1679 nec
2667 1606 2820 1677 dum
2841 1605 3042 1699 posito
3064 1659 3087 1692 ‚
3138 1628 3337 1675 metus
3367 1606 3533 1676 redi-

765 1699 880 1770 bat
920 1725 1045 1770 non
1069 1702 1231 1774 levis
1267 1705 1341 1775 Cr·
1370 1705 1656 1800 rursum,
1700 1710 1839 1779 δίε.
1873 1705 1977 1776 At
2020 1702 2353 1802 displicet
2374 1762 2394 1795 ,
2433 1732 2541 1777 nec
2567 1708 2718 1779 dum
2731 1703 2935 1799 posito
2962 1702 3310 1777 incendio
3334 1730 3353 1775 τ
3381 1724 3538 1776 turn

759 1823 1063 1970 guoque
1104 1800 1363 1902 friget,v
1401 1803 1478 1876 &¹
1511 1806 1785 1898 rursum.
1847 1802 2012 1877 Nec
2049 1802 2292 1902 placet
2337 1803 2565 1905 magis
2620 1802 2827 1905 quod
2875 1802 3348 1877 Recentiores
3380 1802 3535 1876 edi-

821 1921 940 1971 ere
967 1950 987 1983 ,
1029 1925 1138 1972 nec
1173 1905 1323 1973 dum
1367 1900 1571 1999 pofito
1603 1928 1770 1977 metu
1793 1959 1815 1991 ,
1865 1906 2111 1976 redibat
2139 1907 2298 1977 levis
2336 1909 2585 1999 rursum
2622 1905 2935 2002 graſjatus
2976 1910 3168 1998 ignis.
3205 1901 3291 1974 Id
3338 1900 3536 1976 enim

765 1997 980 2071 nimis
1016 2000 1294 2076 recedit
1327 2025 1370 2072 a
1415 2001 1571 2076 Mff.
1625 2003 1888 2077 omissis
1939 2005 2149 2091 haud,
2194 2005 2292 2078 &a
2353 2002 2707 2078 Praeterea
2752 2001 2779 2073 i
2835 2002 2941 2075 nis
3003 2001 3127 2076 ille
3164 2006 3322 2074 levis
3377 2025 3535 2076 non

759 2095 940 2186 fuit,
977 2099 1102 2210 qui
1143 2125 1276 2213 per
1312 2100 1559 2199 patula
1592 2101 1762 2177 loca
1801 2102 2217 2203 grassaretur
2243 2159 2262 2189 ‚
2310 2110 2379 2177 δε
2428 2102 2732 2177 delubra
2779 2030 2995 2176 §esim
3023 2157 3042 2190 ‚
3070 2109 3175 2175 'ac
3212 2101 3538 2200 porticus

765 2220 1167 2271 amoemtatr
1204 2200 1473 2275 dicatas
1519 2200 1734 2274 latius
1764 2224 2163 2298 prorueret.
2195 2201 2706 2276 Probabiliora
2735 2201 3180 2302 melioraque
3201 2257 3220 2289 ,
3249 2222 3332 2274 ut
3363 2201 3534 2300 opi:-

760 2319 945 2382 nor,
979 2295 1132 2370 sum
1175 2299 1479 2370 secutus,
1526 2298 1599 2368 Si
1638 2300 1754 2371 cui
1789 2320 2033 2371 tamen
2059 2351 2077 2382 ,
2119 2319 2201 2370 ut
2245 2300 2406 2396 plus
2440 2299 2709 2372 veteris
2735 2300 3098 2397 scripturae
3139 2300 3483 2372 retineret
3507 2351 3531 2385 ‚

752 2393 896 2489 post
920 2418 1116 2468 metus
1145 2395 1631 2497 probarentur
1653 2451 1675 2485 ,
1702 2395 1899 2470 haud
1936 2420 2439 2497 repugnarem.
2471 2395 2722 2471 Placet
2752 2419 2995 2472 tamen
3034 2399 3258 2500 magis
3285 2453 3306 2486 ,
3333 2398 3538 2497 posito

763 2517 958 2567 metu.

870 2590 1289 2666 TIGELLINI
1323 2597 1766 2671 AEMILIANIS
1802 2605 1837 2691 ]
1894 2596 2114 2671 Multi
2152 2597 2415 2672 eruditi
2443 2595 2585 2671 viri
2619 2596 3011 2671 emendant
3037 2651 3058 2684 ,
3104 2600 3171 2667 in
3219 2599 3540 2668 AEmilia-

762 2697 863 2863 viris
895 2743 913 2776 ,
952 2689 1151 2866 gurgi
1201 2714 1540 2801 putarent
1579 2720 1666 2770 ea
1709 2696 1846 2772 esse
1890 2677 2285 2773 AEmssiana
2323 2719 2539 2775 extra„
2559 2696 2866 2775 Urbem.
2924 2694 3113 2773 Vide
3162 2720 3322 2798 quae
3352 2694 3539 2770 dina

802 2811 1029 2865 untm
1137 2811 1304 2869 otis.

873 2992 1085 3069 CAP.
1140 2993 1329 3071 XLI.
1363 2998 1966 3094 MEMmERAN‘r]
2000 2992 2091 3070 In
2117 2994 2273 3073 ΜΚ.
2303 3004 2372 3073 &
2395 2995 2764 3072 veteribus
2791 2996 3238 3072 editionibus
3257 3047 3278 3084 ‚
3296 2993 3534 3069 'memi-

763 3103 1012 3184 nerint,
1063 3096 1232 3196 quia
1263 3097 1416 3171 hoc
1455 3097 1766 3171 verbum
1808 3097 1899 3171 ad
1947 3106 2241 3196 quamvis
2274 3097 2705 3172 referebant.

869 3197 1059 3290 Quo
1100 3221 1202 3269 ET
1231 3197 1635 3291 Senones]
1682 3197 1817 3271 Ms.
1852 3197 2077 3274 Corb.
2120 3228 2204 3274 ex
2246 3225 2389 3300 quo.
2421 3195 2675 3273 Editio
2702 3197 3044 3300 princeps
3069 3251 3092 3287 ,
3135 3224 3166 3268 e
3192 3221 3343 3295 quo.
3370 3193 3525 3271 Mss‘.

759 3293 973 3371 Harl.
1004 3294 1220 3371 Bodl.
1249 3296 1387 3370 Jes.
1435 3322 1522 3372 ac
1549 3296 1991 3372 Puteolanus
2013 3354 2034 3387 ,
2066 3302 2142 3373 fir
2188 3328 2332 3398 quo.
2555 3356 2561 3366 .

854 3393 1660 3490 INFLAMMAVERANT]
1698 3396 1835 3470 Ms.
1893 3396 2072 3499 Reg.
2116 3404 2185 3474 ὅ(
2214 3397 2443 3473 editio
2471 3396 2812 3500 princeps
2836 3454 2858 3486 ,
2897 3398 3470 3496 inflammaverint.

853 3495 1242 3571 Tormssm
1285 3520 1533 3571 Annos
1577 3522 1859 3571 mensi-:s
1895 3522 2219 3585 nmsomz
2253 3522 2492 3574 rua-En
2530 3521 2904 3584 UTRAQUE
2934 3498 3369 3591 mertuum]
3411 3494 3524 3568 Ita

764 3590 934 3666 libri
981 3620 1237 3669 omnes
1277 3596 1616 3696 scripti&
1671 3595 1897 3686 editi,
1948 3619 2211 3699 praeter
2254 3624 2479 3672 unum
2524 3596 2861 3672 codicem
2894 3594 3028 3670 Ms.
3069 3595 3237 3695 Agr.
3269 3594 3522 3695 inquo

761 3695 1023 3766 totidem
1058 3720 1257 3766 annos
1301 3700 1531 3791 menses
1569 3698 1813 3796 diesque
1856 3704 2024 3771 inter
2076 3700 2396 3773 conditam
2447 3700 2521 3771 ἔπ’
2583 3720 2848 3795 utraque
2902 3697 3215 3768 incendia.
3262 3693 3399 3781 At,
3436 3714 3527 3767 ‘ut

757 3792 945 3892 saepe
985 3796 1124 3890 jam
1161 3795 1461 3883 monui,
1505 3794 1745 3871 codex
1789 3796 1916 3871 ille
1970 3822 2129 3873 non
2173 3797 2460 3872 tantum
2504 3817 2830 3872 veterem
2880 3794 3343 3894 scripturam,
3396 3790 3526 3866 sed

758 3891 1023 3967 eruditi
1052 3893 1350 3992 alicujus
1374 3894 1511 3969 viri
1547 3897 2115 3993 conjectationes
2128 3897 2503 3986 continet,
2535 3920 2695 3997 quae
2721 3919 2961 3997 neque
2997 3894 3119 3967 hic
3146 3891 3523 3966 difficulta-

756 4012 910 4080 τες,
955 3993 1212 4093 quibus
1244 3994 1676 4094 interpretes
1717 4021 1971 4095 omnes
2008 3996 2436 4073 intricantur
2460 4053 2482 4087 ‚
2531 3993 2922 4097 explicent.
2961 3992 3317 4166 Iosephus
3347 3990 3521 4065 Sca-

756 4089 979 4191 liger,
1011 4094 1085 4164 de
1128 4097 1586 4170 Emendatione
1621 4096 2039 4191 Temporum,
2075 4096 2237 4172 libr.
2292 4097 2384 4173 V.
2431 4122 2599 4198 pag.
2647 4120 2829 4194 472.
2884 4119 3093 4170 emen
3152 4113 3263 4179 at,
3319 4114 3389 4163 ut
3426 4112 3524 4204 fot

759 4216 959 4262 annos
998 4193 1342 4288 mensesque
1372 4197 1448 4267 Cr
1473 4197 1603 4273 dies
1645 4201 1811 4269 inter
1853 4222 2120 4297 utraque
2161 4199 2456 4272 ,incendia
2492 4219 2920 4270 numerarent.
2950 4193 3173 4290 Quasi
3194 4250 3212 4282 ,
3242 4192 3522 4291 inquit,

756 4287 890 4388 ipfi
925 4287 1028 4362 ita
1056 4288 1300 4391 digitis
1348 4292 1705 4368 rationem
1732 4317 2147 4397 temporum
2185 4317 2524 4398 putarent
2550 4295 2754 4372 :Tot
2802 4293 3008 4381 anni,
3058 4315 3172 4368 tot
3196 4289 3472 4364 menses
3497 4340 3525 4378 ,

760 4408 879 4464 tot
911 4386 1061 4462 dies
1095 4389 1256 4463 sunt
1283 4414 1325 4461 a
1356 4392 1569 4488 capta
1592 4393 1818 4468 Urbe.
1846 4396 2150 4473 Inanem
2185 4397 2326 4475 esse
2358 4398 2550 4472 hanc
2587 4393 2960 4469 doctissimi
2987 4391 3124 4466 viri
3175 4386 3521 4465 emenda-

763 4488 1048 4564 tionem
1076 4488 1335 4563 meritb
1358 4493 1786 4589 pronuntiat
1812 4496 2099 4571 Samuel
2125 4497 2398 4572 Petitus
2420 4553 2441 4586 ,
2476 4499 3009 4593 Observationum
3041 4488 3203 4566 libr.
3231 4487 3305 4562 11
3334 4543 3356 4577 ,
3400 4508 3522 4582 13.

761 4589 907 4665 Sed
959 4587 1109 4689 ipse
1157 4589 1655 4687 portentosam
1699 4590 1905 4665 affert
1933 4648 1953 4681 ,
1997 4595 2165 4668 cum
2199 4595 2540 4696 corrigit:
2566 4598 2709 4667 Alii
2733 4621 2800 4668 eo
2833 4593 3014 4690 usque
3045 4589 3199 4662 cura
3219 4586 3526 4687 progreffi

746 4692 944 4785 sunt,
986 4714 1055 4762 ut
1099 4691 1300 4761 Thoth
1335 4690 1528 4763 iidem
1564 4715 1759 4762 annos
1803 4694 2144 4791 mensesque
2190 4696 2266 4766 ἐπ’
2316 4696 2446 4766 dies
2506 4713 2933 4765 numerarent.
2972 4686 3205 4783 Quod
3250 4686 3352 4761 ita
3401 4710 3524 4760 ex-

764 4786 1025 4885 ponit:
1057 4786 1420 4864 Observat
1459 4787 1759 4865 Tacitus
1816 4790 2215 4863 nonnullos
2251 4790 2578 4865 curiosos
2622 4789 2806 4863 adeb
2842 4787 3080 4876 fuisse,
3126 4808 3211 4861 ut
3266 4811 3525 4861 nume-

759 4905 999 4962 rarent
1025 4886 1151 4985 ipfi
1187 4889 1560 4988 quotanni
1585 4888 1849 4967 Thoth
1869 4889 2203 4993 alicujus,
2242 4910 2325 4969 ut
2351 4909 2532 4994 puta
2569 4887 3029 4967 Nabonazari
3060 4895 3275 4985 (nam
3299 4885 3526 4990 longe

1013 5027 1231 5110 Tom.
1293 5031 1410 5118 II.
2656 5134 2665 5148 ἢ
2951 5036 3197 5148 Qqq
