4975 6149
932 330 1585 428 ANNALIUM
1646 332 1992 425 LIBER
2056 334 2571 430 DEchus
2639 339 3207 459 QUARTUS.
3311 375 3486 462 149·

688 554 715 569 ..
804 503 984 591 111.
1051 502 1435 585 IolrUR
1488 498 1721 582 Nero
1751 500 2004 583 vitare
2057 498 2411 587 secretos
2438 502 2611 612 ejus
2646 512 3155 625 congress'us:
3194 512 3475 605 absce-
3519 547 3756 595 Ξ

684 627 1015 722 dentem
1052 632 1140 713 in
1171 630 1456 711 hortos
1466 682 1497 729 ,
1527 651 1665 708 aut
1690 622 2248 710 Tusculanum
2278 640 2302 675 ¹
2320 689 2351 732 ‚
2376 628 2512 713 vel
2537 632 2954 723 Antiatem
2985 642 3070 722 in
3098 671 3378 755 agrum
3397 653 3474 752 ι,
3524 623 3673 771 Aku-
3693 626 3755 678 c-

677 760 1011 846 laudare
1033 816 1066 862 ,
1133 788 1181 831 α
1211 750 1436 865 quod
1504 744 1785 835 otium'
1834 749 2249 839 lacesseret
2275 789 2320 837 >2
2340 816 2362 839 .
2438 758 2846 846 Postremo
2875 824 2904 866 ‚
2983 765 3474 884 ubicumque
3556 729 3714 874 J.¹<²:

682 887 1115 977 haberetur
1143 940 1173 985 ,
1221 907 1713 996 praegravem
1740 898 1743 901 ’
1769 906 2024 983 ratuS,
2081 883 2537 968 interficere
2596 890 3054 975 constituit:
3093 897 3474 987 hal-{lenus
3579 932 3679 995 59·

546 1053 557 1069 .
579 1036 630 1133 5
689 1008 1160 1103 consultans
1183 1066 1213 1111 ,
1284 1039 1330 1081 «
1360 1034 1682 1089 veneno
1696 1065 1723 1111 ,
1770 1037 1874 1090 an
1918 1007 2135 1092 ferro
2157 1069 2187 1112 ‚
2213 1007 2350 1094 vel
2374 1006 2532 1121 qua
2558 1009 2713 1096 alia
2751 1017 2835 1098 vi
2862 1049 2949 1100 ›>.
3001 1014 3480 1135 Placuitque

683 1144 951 1258 primo
999 1162 1433 1223 venenum.
1463 1134 1627 1216 Sed
1669 1136 1876 1218 inter
1927 1132 2202 1249 epulas
2242 1139 2639 1254 Principis
2678 1140 2732 1221 fi
2770 1141 3089 1227 daretur
3119 1204 3148 1248 ,
3203 1149 3481 1234 referri

690 1267 795 1352 ad
841 1264 1341 1353 casumnon
1389 1286 1759 1375 poterat,
1811 1257 1955 1344 tali
2001 1264 2162 1368 jam
2209 1264 2658 1349 Britannici
2709 1271 3018 1368 exiti03
3073 1279 3156 1356 ὃ(
3203 1278 3483 1358 minis-

697 1417 1199 1485 trostentare
1227 1386 1562 1472 arduum
1591 1386 2012 1471 videbatur
2039 1386 2441 1494 mulieris,
2492 1393 2638 1474 usu
2686 1392 3079 1479 scelerum
3106 1399 3481 1487 adversus

699 1519 1014 1604 infidias
1039 1519 1364 1603 intentae
1396 1549 1412 1596 :
1444 1538 1681 1623 atque
1727 1516 1894 1628 ipsa
1924 1516 2470 1628 praesumendo
2500 1519 2854 1605 remedia
2878 1528 3276 1621 munierat
3302 1559 3484 1613 cor·-

542 1664 646 1733 Διο
701 1676 874 1760 pus.
913 1648 1252 1733 Ferrum
1309 1648 1394 1725 ὅ(
1454 1639 1705 1725 caedes
1757 1673 2109 1752 quonam
2135 1644 2384 1729 modo
2426 1642 3024 1755 occultaretur,
3069 1682 3313 1737 nemo
3358 1685 3483 1740 re-

705 1768 1114 1886 periebat3
1170 1776 1255 1851 ὅ(
1281 1826 1310 1872 ,
1359 1796 1461 1852 ne
1507 1770 1681 1878 quis
1704 1827 1733 1891 ,
1785 1766 1903 1852 illi
1943 1796 2170 1854 tanto
2208 1772 2552 1855 facinori
2594 1768 2942 1859 delectus
2967 1834 2996 1879 ‚
3043 1772 3238 1884 juffa
3274 1781 3478 1894 sper-

701 1924 971 2002 neret,
1020 1892 1453 1987 metuebat.
1505 1891 1835 1977 Obtulit
1902 1900 2321 2007 ingenium
2375 1898 2769 1982 Anicetus
2818 1897 3203 2009 libertus,
3265 1905 3478 1992 claffi

705 2023 922 2138 apud
970 2022 1379 2107 Misenum
1432 2030 1454 2079 ³
1519 2022 1922 2134 praefeRus
1952 2083 2013 2125 ,.
2043 2032 2125 2107 δε
2178 2028 2535 2137 pueritiae
2601 2029 2958 2110 Neronis
3022 2030 3411 2117 educator
3446 2092 3479 2138 ,

706 2180 802 2236 ac
829 2151 1128 2235 mutuis
1166 2147 1373 2233 odiis
1410 2147 1876 2263 Agrippina·
1928 2150 2254 2233 invisus.
2311 2149 2534 2262 Ergo
2597 2184 2642 2225 «
2674 2180 2960 2235 navem
2999 2157 3220 2268 posse
3261 2188 3479 2243 corn-

550 2293 643 2375 ,15
702 2309 750 2356 x>
765 2279 964 2392 poni
990 2311 1039 2353 a>
1080 2275 1324 2359 docet
1350 2283 1421 2377 ⁴,
1465 2306 1510 2350 «
1542 2272 1769 2380 cujus
1794 2305 1969 2389 pars
1984 2335 2012 2377 ,
2041 2276 2214 2389 ipso
2244 2279 2558 2359 inmari
2584 2306 2728 2389 per
2754 2305 3005 2363 artem
3032 2278 3336 2387 soluta,
3368 2286 3476 2368 ef-

700 2402 1140 2488 »funderet
1177 2405 1562 2514 ignaram.
1589 2399 1835 2485 Nihil·
1860 2427 2026 2486 tam
2061 2431 2316 2516 capax
2350 2402 2917 2509 fortuitorum,
2949 2403 3182 2516 quam
3225 2438 3483 2508 mare;

701 2538 852 2618 n&
881 2527 1386 2641 finaufragio
1415 2530 1864 2642 intercepta
1888 2529 2021 2632 fit,
2067 2558 2305 2640 quem
2348 2530 2553 2617 adeo
2596 2532 2963 2643 iniquum
2986 2592 3017 2638 ,
3053 2562 3145 2619 ut
3196 2534 3480 2620 sceleri

784 2761 805 2790 ¹
852 2742 1370 2826 'TuscmAmmJ
1434 2746 1775 2814 Tusculum
1810 2795 1831 2826 ,
1879 2768 2048 2814 nunc
2083 2749 2225 2815 'nia
2250 2795 2271 2826 ,
2329 2747 2619 2842 nandoque
2682 2750 2894 2835 evafiffe
2962 2770 3117 2825 eam,
3172 2754 3429 2831 comperit
3457 2798 3482 2834 ‚

702 2827 981 2910 FraJcati.
2127 2828 2284 2904 inops
2336 2828 2542 2910 consilii
2566 2876 2585 2903 ,
2622 2828 2859 2890 Lucium
2909 2829 2965 2890 A
3006 2830 3217 2891 erinum
3239 2879 3260 2910 ,
3310 2832 3475 2895 liber..

784 2919 813 2949 ²
856 2912 1197 2975 Ant-urnis
1270 2928 1335 2969 m
1399 2929 1628 2975 Acium
1671 2910 1702 2985 ]
1740 2906 2004 2973 Antium
2029 2956 2050 2987 ,
2127 2925 2243 2967 tum
2276 2906 2394 2985 ejus
2416 2952 2437 2983 ,
2456 2906 2681 2987 Jalvam
2729 2908 2792 2970 Cr·
2827 2908 2951 2969 inco
2975 2928 3148 2969 umem
3175 2932 3296 2971 cum
3324 2933 3475 2994 gau-

710 3002 884 3050 nunc
904 2985 1075 3048 Torre
1097 2985 1337 3068 d‘Anzo.
2128 2984 2215 3046 dio
2245 2986 2592 3046 nuntiantem
2616 3033 2636 3063 ‚
2676 2986 2875 3068 ehje-520
2920 2986 3063 3046 clam
3081 2987 3250 3067 juxta
3279 2994 3475 3073 pugio-

794 3078 816 3122 3
862 3070 1039 3131 Arm>
1091 3067 1462 3144 Mrsenvu]
1544 3066 1736 3131 Nunc
1786 3065 1940 3142 Capo
1995 3065 2052 3128 di
2128 3087 2198 3127 ne
2256 3084 2317 3125 ut
2367 3066 2718 3159 percuffltrem
2743 3064 2860 3147 fibi
2882 3063 3247 3145 Jubornatum
3298 3071 3480 3148 arripi

713 3141 945 3227 Miseno.
973 3148 1071 3210 De
1099 3145 1277 3209 classe
1311 3143 1544 3209 dictum
1568 3146 1795 3208 Annal.
1829 3149 1912 3209 lv
1930 3190 1949 3219 ,
1993 3166 2051 3226 5.
2130 3143 2425 3226 constringi
2460 3167 2527 3206 ue
2543 3143 2726 3225 juffit,
2749 3163 3075 3224 matremque
3093 3146 3270 3207 occidi
3286 3171 3305 3204 .·
3326 3152 3479 3244 quasi

786 3233 823 3275 4
860 3227 970 3288 Co
997 3247 1045 3288 n
1065 3247 1097 3288 ι’
1116 3249 1157 3289 o
1178 3246 1217 3286 u
1238 3247 1259 3285 1
1320 3246 1362 3286 n
1389 3244 1429 3285 o
1452 3248 1484 3287 c
1512 3247 1546 3285 Β
1569 3244 1608 3285 τ
1643 3228 1672 3302 ]
1717 3225 1920 3304 Ipsum
1943 3222 2051 3285 in-
2129 3221 2393 3296 deprehen
2419 3244 2509 3282 um
2559 3225 2764 3282 crimen
2809 3220 3126 3285 voluntarid
3175 3242 3346 3284 morte
3379 3248 3478 3289 νι-

710 3302 1034 3367 ventionis
1073 3303 1313 3367 crimen
1361 3302 1431 3364 in
1492 3303 1822 3366 Neronem
1864 3302 2055 3367 trahit
2130 3299 2304 3382 taffet.
2378 3299 2682 3364 Adduntur
2729 3300 2816 3363 his
2859 3299 3148 3360 atrociora
3173 3349 3193 3378 ‚
3238 3323 3340 3362 nec
3388 3305 3479 3365 in·
3569 3329 3578 3334 ·

707 3382 1085 3461 Suetonius,
1127 3382 1568 3445 horrendama
1609 3381 1660 3443 is
1683 3429 1703 3458 ,
1783 3381 1924 3445 uam
1950 3403 2058 3445 ve-
2133 3380 2303 3441 certis
2336 3379 2644 3441 austoribus
2673 3398 2698 3452 ‚·
2735 3377 2830 3439 -ad
2867 3376 3142 3459 visendum
3178 3380 3477 3456 interfeeloe

712 3480 820 3537 ta,
864 3461 1075 3526 dicere
1099 3458 1442 3536 curiofior,
1471 3458 1539 3522 in
1644 3480 1729 3523 er.
1825 3462 2054 3525 XXIV.
2134 3456 2373 3521 cadaver
2431 3459 2717 3543 accurriffe
2803 3456 3072 3519 contrecta
3111 3479 3140 3518 e
3185 3459 3482 3542 membra,‘

713 3536 859 3599 Citm
886 3561 1090 3601 veneno
1134 3554 1399 3604 matrem
1432 3555 1517 3598 ter
1547 3539 1795 3620 tentaffit
1832 3541 2009 3603 Nero
2034 3588 2054 3620 ,
2134 3538 2249 3599 alia
2298 3537 2656 3677 vituperaffe,
2704 3506 2818 3598 alia
2862 3534 3029 3597 lauda
3069 3540 3130 3613 ὲ,
3152 3536 3356 3619 sitique
3391 3541 3480 3601 in-

694 3616 1039 3699 fintiretque
1072 3617 1338 3681 antidotis
1361 3620 1757 3695 praemunitam
1776 3645 1798 3679 .·
1823 3617 2059 3678 lacuna-
2134 3617 2293 3677 terim
2325 3614 2513 3676 obortd
2589 3615 2753 3698 ibiffe.
2782 3616 2977 3697 Neque
3032 3637 3214 3677 tamen
3244 3617 3477 3697 sceleris

703 3696 834 3776 ria,
864 3719 987 3792 quoe
1035 3697 1190 3759 nofiu
1257 3717 1388 3774 uper
1424 3695 1813 3776 dormientem,
1858 3696 2057 3758 laxatd
2136 3695 2558 3776 conscientiam,
2585 3715 2908 3776 quamquam
2935 3694 2998 3756 ὓ*
3041 3693 3271 3755 militum
3309 3693 3370 3757 ὓ·
3384 3701 3476 3778 Je-

704 3776 969 3840 machina
998 3825 1018 3856 ,
1070 3775 1191 3838 deci
1229 3793 1424 3852 erent,
1462 3778 1711 3852 paravit.
1760 3777 1879 3837 Hoc
1931 3796 2061 3837 con·
2135 3773 2305 3836 nattis
2345 3773 2628 3854 populique
2667 3772 3140 3855 gratulationibus
3176 3772 3477 3854 confirma-

693 3853 822 3936 filio
882 3876 983 3933 per
1029 3856 1270 3936 conscios
1304 3874 1504 3931 parum
1547 3854 1720 3916 celato
1745 3900 1764 3928 ‚
1782 3853 2060 3935 solutilem
2135 3874 2322 3930 retur,
2370 3872 2470 3914 aut
2476 3851 2706 3934 statim,
2731 3871 2831 3913 aut
2858 3873 3109 3932 umquam
3135 3853 3311 3935 postea
3322 3854 3481 3931 ferre

709 3951 942 4011 navem,
980 3936 1136 4027 cujus
1188 3934 1277 3996 vel
1311 3933 1640 4017 naufragio,
1685 3931 1777 3994 vel
1824 3954 2058 3995 cameroe
2134 3933 2348 4009 potuit:
2374 3933 2526 4011 soepe
2549 3931 2807 4015 confeffus
2828 3932 3112 4012 exagitari
3131 3933 3199 4012 se
3224 3938 3477 3996 maternd

708 4011 881 4086 :uinci
934 4032 1177 4092 pertret,
1237 4013 1704 4094 commenturest.
1758 4011 1940 4093 Atque
1996 4013 2054 4074 in
2116 4012 2339 4090 specie,
2378 4010 2693 4072 verberibus
2737 4009 3063 4088 Furiarum,
3096 4031 3165 4070 ac
3204 4011 3347 4072 tedis·
3374 4034 3480 4086 ar-

713 4090 1162 4152 reconciliatione
1174 4090 1443 4173 fimulatd
1466 4091 1861 4186 jucundzffimis
1878 4090 2058 4152 literis
2134 4088 2405 4152 dentibus.
2443 4088 2603 4172 Quin
2648 4089 2709 4150 ὓ·
2725 4088 2879 4167 fabio
2911 4110 3009 4166 per
3055 4109 3248 4169 magos
3268 4092 3474 4170 fitero,

717 4166 903 4229 Baias
930 4171 1178 4231 evocavit
1200 4169 1275 4230 ad
1294 4170 1550 4250 solennia
1577 4169 2013 4264 Quznquatrium
2035 4196 2054 4230 .-
2134 4189 2363 4231 evocare
2397 4168 2642 4245 Manes,
2681 4167 2745 4229 ὓ·
2767 4189 2996 4229 exorare
3032 4169 3286 4228 tentavit.
3310 4167 3478 4229 Pere-

719 4243 954 4327 datoque
1006 4249 1221 4332 negotio
1262 4248 1623 4328 trierarchis,
1663 4270 1751 4332 qut
1793 4248 2058 4310 Liburni·
2126 4249 2448 4330 grinatione
2492 4245 2704 4329 quidem
2743 4247 3018 4320 Graecioe‚
3063 4244 3356 4324 Eleusiniis
3377 4247 3476 4325 fiz-

714 4343 847 4398 ⁵cam
878 4373 898 4400 ,
962 4330 1067 4406 qud
1112 4326 1334 4389 adveHa
1400 4346 1561 4408 erat,
1631 4326 1784 4391 velut
1825 4328 2058 4405 fortuito
2136 4327 2281 4405 cris,
2320 4348 2543 4407 quorum
2581 4326 2896 4388 initiatione
2934 4324 3086 4398 impii
3133 4321 3477 4400 &scelerati

711 4404 985 4482 concurfit
1053 4404 1492 4489 confringerent,
1546 4407 1825 4483 protraxit
1876 4407 2061 4469 convi-
2132 4427 2262 4469 voce
2300 4407 2577 4483 praeconis
2588 4403 3073 4484 fiabmoverentur,
3099 4401 3342 4492 intereffe
3365 4423 3478 4463 non

714 4483 890 4545 vium.
943 4480 1329 4564 Repetentique
1370 4485 1576 4547 Baulos
1628 4486 1687 4546 in
1740 4485 1912 4546 locum
1946 4507 2061 4545 cor·
2135 4487 2296 4566 austes
2321 4484 2410 4565 est.
2442 4488 2624 4559 Haec,
2654 4484 2950 4564 longiora
2983 4478 3168 4569 licet,
3211 4480 3479 4571 minime

714 4580 783 4622 ru
820 4561 867 4621 ti
905 4563 1046 4622 navi
1088 4563 1167 4639 ii,
1219 4564 1579 4642 machinosum
1627 4562 1764 4624 illud
1829 4562 2055 4623 obtulit.-
2136 4577 2312 4628 erant
2353 4561 2744 4634 omittenda,
2800 4564 2942 4621 cum
2984 4577 3062 4618 ns
3095 4558 3479 4623 Corneliana

716 4636 894 4700 hiare
927 4584 1280 4720 profit-utus,
1329 4662 1490 4723 atque
1533 4643 1593 4703 in
1632 4640 1861 4724 digreffu
1884 4639 2063 4716 papil-
2135 4639 2409 4705 narratio
2492 4638 2767 4700 maxime
2842 4634 3078 4711 niteat,
3134 4635 3478 4729 illustrique

720 4713 812 4776 lar
843 4738 1041 4798 quoque
1086 4719 1465 4797 exedi-ulatur,
1510 4720 1771 4799 reliquum
1811 4719 2062 4793 temporis
2137 4738 2315 4782 exem
2363 4718 2427 4778 lo
2472 4731 2681 4796 pateat
2738 4727 3043 4795 quantum
3104 4712 3178 4777 fit
3231 4714 3300 4777 in
3346 4738 3482 4794 ejus

664 4831 669 4836 ·
724 4812 845 4854 cum
882 4800 1089 4879 magud
1124 4797 1490 4874 trepidatione
1516 4799 1779 4882 vigilavit
1804 4845 1824 4874 ,
1870 4815 2065 4873 caepto-
2138 4739 2480 4858 Annalibus
2505 4793 2717 4881 artis,
2777 4809 3082 4874 quantum
3136 4793 3482 4876 diligentiae

702 4891 844 4948 lum
883 4878 1137 4963 operiens
1170 4878 1398 4946 exitum.
1440 4876 1558 4944 Sed
1603 4897 1664 4946 ut
1710 4875 1919 4960 diverfit
1953 4896 2065 4940 om·
2140 4877 2208 4945 &c
2243 4871 2576 4959 acuminis.
3455 4896 3460 4900 ·
