<?xml version="1.0" encoding="UTF-8"?>
<!DOCTYPE html PUBLIC "-//W3C//DTD XHTML 1.0 Transitional//EN"
    "http://www.w3.org/TR/xhtml1/DTD/xhtml1-transitional.dtd">
<html xmlns="http://www.w3.org/1999/xhtml" xml:lang="en" lang="en">
 <head>
  <title>
</title>
<meta http-equiv="Content-Type" content="text/html;charset=utf-8" />
  <meta name='ocr-system' content='tesseract 3.04.00' />
  <meta name='ocr-capabilities' content='ocr_page ocr_carea ocr_par ocr_line ocrx_word'/>
</head>
<body>
  <div class='ocr_page' id='page_1' title='image "./ccorneliitaciti04brotgoog_0425.png"; bbox 0 0 4975 6149; ppageno 0'>
   <div class='ocr_carea' id='block_1_1' title="bbox 912 490 3444 618">
    <p class='ocr_par' dir='ltr' id='par_1_1' title="bbox 912 490 3444 618">
     <span class='ocr_line' id='line_1_1' title="bbox 912 490 3444 618; baseline 0.001 -28"><span class='ocrx_word' id='word_1_1' title='bbox 912 504 1080 590; x_wconf 88' lang='lat' dir='ltr'>AD</span> <span class='ocrx_word' id='word_1_2' title='bbox 1101 495 1566 585; x_wconf 90' lang='lat' dir='ltr'>LIBRUM</span> <span class='ocrx_word' id='word_1_3' title='bbox 1627 492 1866 579; x_wconf 84' lang='lat' dir='ltr'><strong>XIII.</strong></span> <span class='ocrx_word' id='word_1_4' title='bbox 1901 490 2188 582; x_wconf 93' lang='lat' dir='ltr'>ANN.</span> <span class='ocrx_word' id='word_1_5' title='bbox 2233 498 2332 583; x_wconf 88' lang='lat' dir='ltr'>C.</span> <span class='ocrx_word' id='word_1_6' title='bbox 2382 496 2749 585; x_wconf 87' lang='lat' dir='ltr'><strong>CORN.</strong></span> <span class='ocrx_word' id='word_1_7' title='bbox 2783 498 3204 590; x_wconf 89' lang='lat' dir='ltr'><strong>TACITI.</strong></span> <span class='ocrx_word' id='word_1_8' title='bbox 3269 538 3444 618; x_wconf 71' lang='lat'>415</span> 
     </span>
    </p>
   </div>
   <div class='ocr_carea' id='block_1_2' title="bbox 655 649 3463 1063">
    <p class='ocr_par' dir='ltr' id='par_1_2' title="bbox 655 649 3463 1063">
     <span class='ocr_line' id='line_1_2' title="bbox 665 649 3463 754; baseline 0.002 -16"><span class='ocrx_word' id='word_1_9' title='bbox 665 663 780 739; x_wconf 89' lang='lat' dir='ltr'>Cl.</span> <span class='ocrx_word' id='word_1_10' title='bbox 824 657 1184 747; x_wconf 87' lang='lat' dir='ltr'>Piranefi,</span> <span class='ocrx_word' id='word_1_11' title='bbox 1237 653 1579 728; x_wconf 81' lang='lat' dir='ltr'>Antichita</span> <span class='ocrx_word' id='word_1_12' title='bbox 1625 650 1965 741; x_wconf 84' lang='lat' dir='ltr'>Romane,</span> <span class='ocrx_word' id='word_1_13' title='bbox 2016 649 2241 726; x_wconf 90' lang='lat' dir='ltr'>Tom.</span> <span class='ocrx_word' id='word_1_14' title='bbox 2293 676 2369 727; x_wconf 90' lang='lat'>2.</span> <span class='ocrx_word' id='word_1_15' title='bbox 2403 653 2867 754; x_wconf 88' lang='lat' dir='ltr'>splendidum</span> <span class='ocrx_word' id='word_1_16' title='bbox 2900 684 3463 743; x_wconf 84' lang='lat' dir='ltr'>monumentum</span> 
     </span>
     <span class='ocr_line' id='line_1_3' title="bbox 665 748 3453 864; baseline 0 -27"><span class='ocrx_word' id='word_1_17' title='bbox 665 757 1122 864; x_wconf 85' lang='lat' dir='ltr'>sepulchrale</span> <span class='ocrx_word' id='word_1_18' title='bbox 1155 812 1176 846; x_wconf 93' lang='lat'>,</span> <span class='ocrx_word' id='word_1_19' title='bbox 1230 776 1432 828; x_wconf 92' lang='lat' dir='ltr'>anno</span> <span class='ocrx_word' id='word_1_20' title='bbox 1489 750 1697 851; x_wconf 83' lang='lat'>1736</span> <span class='ocrx_word' id='word_1_21' title='bbox 1736 748 1862 825; x_wconf 69' lang='lat' dir='ltr'>via</span> <span class='ocrx_word' id='word_1_22' title='bbox 1908 750 2155 851; x_wconf 74' lang='lat' dir='ltr'>Appia</span> <span class='ocrx_word' id='word_1_23' title='bbox 2186 774 2599 850; x_wconf 89' lang='lat' dir='ltr'>repertum,</span> <span class='ocrx_word' id='word_1_24' title='bbox 2642 757 2847 855; x_wconf 92' lang='lat' dir='ltr'>quod</span> <span class='ocrx_word' id='word_1_25' title='bbox 2887 757 2971 833; x_wconf 89' lang='lat' dir='ltr'>L.</span> <span class='ocrx_word' id='word_1_26' title='bbox 3018 762 3453 856; x_wconf 82' lang='lat' dir='ltr'>Arruntius,</span> 
     </span>
     <span class='ocr_line' id='line_1_4' title="bbox 655 849 3457 952; baseline 0.002 -15"><span class='ocrx_word' id='word_1_27' title='bbox 655 860 944 938; x_wconf 68' lang='lat' dir='ltr'>{ibertis</span> <span class='ocrx_word' id='word_1_28' title='bbox 991 866 1063 935; x_wconf 73' lang='grc' dir='ltr'>δε</span> <span class='ocrx_word' id='word_1_29' title='bbox 1107 851 1402 930; x_wconf 78' lang='lat' dir='ltr'>familiae</span> <span class='ocrx_word' id='word_1_30' title='bbox 1439 850 1788 952; x_wconf 85' lang='lat' dir='ltr'>posuerat</span> <span class='ocrx_word' id='word_1_31' title='bbox 1813 906 1836 941; x_wconf 88' lang='lat'>‚</span> <span class='ocrx_word' id='word_1_32' title='bbox 1880 849 2147 926; x_wconf 83' lang='lat' dir='ltr'>tabulis</span> <span class='ocrx_word' id='word_1_33' title='bbox 2190 877 2468 927; x_wconf 88' lang='lat' dir='ltr'>novem</span> <span class='ocrx_word' id='word_1_34' title='bbox 2519 856 2870 952; x_wconf 78' lang='lat' dir='ltr'>expresfit.</span> <span class='ocrx_word' id='word_1_35' title='bbox 2931 858 3132 937; x_wconf 84' lang='lat' dir='ltr'><strong>Inter</strong></span> <span class='ocrx_word' id='word_1_36' title='bbox 3183 884 3457 941; x_wconf 83' lang='lat' dir='ltr'>ceteras</span> 
     </span>
     <span class='ocr_line' id='line_1_5' title="bbox 663 949 3431 1063; baseline -0.002 -23"><span class='ocrx_word' id='word_1_37' title='bbox 663 959 1194 1063; x_wconf 79' lang='lat' dir='ltr'>Inscriptiones</span> <span class='ocrx_word' id='word_1_38' title='bbox 1220 1011 1246 1050; x_wconf 86' lang='lat'>,</span> <span class='ocrx_word' id='word_1_39' title='bbox 1295 954 1459 1028; x_wconf 81' lang='lat' dir='ltr'>haec</span> <span class='ocrx_word' id='word_1_40' title='bbox 1503 949 1730 1028; x_wconf 88' lang='lat' dir='ltr'>fronti</span> <span class='ocrx_word' id='word_1_41' title='bbox 1782 951 2130 1030; x_wconf 88' lang='lat' dir='ltr'>cellarum</span> <span class='ocrx_word' id='word_1_42' title='bbox 2169 951 2734 1053; x_wconf 85' lang='lat' dir='ltr'>sepulchralium</span> <span class='ocrx_word' id='word_1_43' title='bbox 2772 954 3058 1058; x_wconf 84' lang='lat' dir='ltr'>pofita:</span> <span class='ocrx_word' id='word_1_44' title='bbox 3422 980 3431 989; x_wconf 72' lang='grc'><em>’</em></span> 
     </span>
    </p>
   </div>
   <div class='ocr_carea' id='block_1_3' title="bbox 1621 1112 2500 1466">
    <p class='ocr_par' dir='ltr' id='par_1_3' title="bbox 1621 1112 2500 1466">
     <span class='ocr_line' id='line_1_6' title="bbox 1738 1112 2383 1166; baseline 0.003 -2"><span class='ocrx_word' id='word_1_45' title='bbox 1738 1112 2183 1165; x_wconf 68' lang='lat' dir='ltr'>Lrnnn‘r.</span> <span class='ocrx_word' id='word_1_46' title='bbox 2252 1112 2383 1166; x_wconf 74' lang='lat' dir='ltr'>BT</span> 
     </span>
     <span class='ocr_line' id='line_1_7' title="bbox 1805 1211 2301 1266; baseline -0.002 0"><span class='ocrx_word' id='word_1_47' title='bbox 1805 1211 2301 1266; x_wconf 70' lang='lat' dir='ltr'>fAm1n1An</span> 
     </span>
     <span class='ocr_line' id='line_1_8' title="bbox 1621 1300 2500 1368; baseline 0.005 -4"><span class='ocrx_word' id='word_1_48' title='bbox 1621 1300 2272 1367; x_wconf 71' lang='lat' dir='ltr'>1..&#39;ARRVNT11.</span> <span class='ocrx_word' id='word_1_49' title='bbox 2322 1315 2396 1367; x_wconf 88' lang='lat' dir='ltr'>L.</span> <span class='ocrx_word' id='word_1_50' title='bbox 2455 1315 2500 1368; x_wconf 72' lang='lat'>1³</span> 
     </span>
     <span class='ocr_line' id='line_1_9' title="bbox 1969 1413 2157 1466; baseline -0.011 0"><span class='ocrx_word' id='word_1_51' title='bbox 1969 1413 2157 1466; x_wconf 78' lang='lat' dir='ltr'>TER</span> 
     </span>
    </p>
   </div>
   <div class='ocr_carea' id='block_1_4' title="bbox 668 1523 3452 2010">
    <p class='ocr_par' dir='ltr' id='par_1_4' title="bbox 670 1523 3451 1729">
     <span class='ocr_line' id='line_1_10' title="bbox 767 1523 3451 1627; baseline 0 -19"><span class='ocrx_word' id='word_1_52' title='bbox 767 1531 889 1608; x_wconf 76' lang='lat' dir='ltr'>Er</span> <span class='ocrx_word' id='word_1_53' title='bbox 932 1552 1187 1608; x_wconf 72' lang='lat' dir='ltr'>vAnus</span> <span class='ocrx_word' id='word_1_54' title='bbox 1230 1534 1269 1622; x_wconf 94' lang='lat'>]</span> <span class='ocrx_word' id='word_1_55' title='bbox 1322 1523 1573 1603; x_wconf 87' lang='lat' dir='ltr'>Vellet</span> <span class='ocrx_word' id='word_1_56' title='bbox 1631 1524 2061 1602; x_wconf 85' lang='lat' dir='ltr'>Gronovius</span> <span class='ocrx_word' id='word_1_57' title='bbox 2107 1582 2129 1617; x_wconf 91' lang='lat'>‚</span> <span class='ocrx_word' id='word_1_58' title='bbox 2194 1533 2302 1627; x_wconf 77' lang='lat' dir='ltr'>qui</span> <span class='ocrx_word' id='word_1_59' title='bbox 2372 1530 2602 1602; x_wconf 67' lang='lat' dir='ltr'>variis.</span> <span class='ocrx_word' id='word_1_60' title='bbox 2658 1526 2930 1604; x_wconf 74' lang='lat' dir='ltr'>Melius</span> <span class='ocrx_word' id='word_1_61' title='bbox 2988 1530 3327 1609; x_wconf 78' lang='lat' dir='ltr'>Heinsius</span> <span class='ocrx_word' id='word_1_62' title='bbox 3380 1542 3451 1615; x_wconf 72' lang='grc' dir='ltr'>δε</span> 
     </span>
     <span class='ocr_line' id='line_1_11' title="bbox 670 1625 3451 1729; baseline 0.001 -22"><span class='ocrx_word' id='word_1_63' title='bbox 670 1629 1004 1708; x_wconf 83' lang='lat' dir='ltr'>Ernestus</span> <span class='ocrx_word' id='word_1_64' title='bbox 1027 1684 1051 1720; x_wconf 90' lang='lat'><strong>,</strong></span> <span class='ocrx_word' id='word_1_65' title='bbox 1071 1630 1190 1726; x_wconf 83' lang='lat' dir='ltr'>sed</span> <span class='ocrx_word' id='word_1_66' title='bbox 1219 1625 1345 1703; x_wconf 88' lang='lat' dir='ltr'>vel</span> <span class='ocrx_word' id='word_1_67' title='bbox 1378 1651 1473 1702; x_wconf 83' lang='lat' dir='ltr'>at.</span> <span class='ocrx_word' id='word_1_68' title='bbox 1511 1625 1705 1701; x_wconf 75' lang='lat' dir='ltr'>Cum</span> <span class='ocrx_word' id='word_1_69' title='bbox 1735 1651 1914 1704; x_wconf 81' lang='lat' dir='ltr'>mox</span> <span class='ocrx_word' id='word_1_70' title='bbox 1951 1626 2290 1729; x_wconf 87' lang='lat' dir='ltr'>sequatur</span> <span class='ocrx_word' id='word_1_71' title='bbox 2315 1689 2335 1715; x_wconf 92' lang='lat'>‚</span> <span class='ocrx_word' id='word_1_72' title='bbox 2383 1632 2479 1700; x_wconf 85' lang='lat' dir='ltr'>At</span> <span class='ocrx_word' id='word_1_73' title='bbox 2514 1629 2738 1701; x_wconf 70' lang='lat' dir='ltr'>Silano</span> <span class='ocrx_word' id='word_1_74' title='bbox 2764 1684 2787 1718; x_wconf 90' lang='lat'>,</span> <span class='ocrx_word' id='word_1_75' title='bbox 2818 1629 2991 1705; x_wconf 85' lang='lat' dir='ltr'>ferri</span> <span class='ocrx_word' id='word_1_76' title='bbox 3080 1633 3310 1727; x_wconf 88' lang='lat' dir='ltr'>otest,</span> <span class='ocrx_word' id='word_1_77' title='bbox 3349 1641 3451 1717; x_wconf 63' lang='lat' dir='ltr'>&amp;a</span> 
     </span>
    </p>

    <p class='ocr_par' dir='ltr' id='par_1_5' title="bbox 668 1723 3452 2010">
     <span class='ocr_line' id='line_1_12' title="bbox 771 1723 3449 1831; baseline -0.003 -25"><span class='ocrx_word' id='word_1_78' title='bbox 771 1730 1321 1806; x_wconf 52' lang='lat' dir='ltr'>Rue-emron</span> <span class='ocrx_word' id='word_1_79' title='bbox 1364 1733 1403 1820; x_wconf 93' lang='lat'>]</span> <span class='ocrx_word' id='word_1_80' title='bbox 1453 1725 1544 1800; x_wconf 92' lang='lat' dir='ltr'>In</span> <span class='ocrx_word' id='word_1_81' title='bbox 1584 1725 1834 1801; x_wconf 85' lang='lat' dir='ltr'>Taciti</span> <span class='ocrx_word' id='word_1_82' title='bbox 1888 1723 2089 1801; x_wconf 88' lang='lat' dir='ltr'>libris</span> <span class='ocrx_word' id='word_1_83' title='bbox 2142 1727 2332 1831; x_wconf 85' lang='lat' dir='ltr'>saepe</span> <span class='ocrx_word' id='word_1_84' title='bbox 2382 1750 2877 1807; x_wconf 84' lang='lat' dir='ltr'>memorantur</span> <span class='ocrx_word' id='word_1_85' title='bbox 2930 1754 2971 1806; x_wconf 92' lang='lat' dir='ltr'>e</span> <span class='ocrx_word' id='word_1_86' title='bbox 3047 1732 3298 1825; x_wconf 77' lang='lat' dir='ltr'>ilium,</span> <span class='ocrx_word' id='word_1_87' title='bbox 3335 1763 3449 1814; x_wconf 81' lang='lat' dir='ltr'>re.</span> 
     </span>
     <span class='ocr_line' id='line_1_13' title="bbox 668 1824 3452 2007; baseline 0.004 -100"><span class='ocrx_word' id='word_1_88' title='bbox 668 1829 947 2007; x_wconf 66' lang='lat' dir='ltr'>legadio</span> <span class='ocrx_word' id='word_1_89' title='bbox 989 1885 1011 1919; x_wconf 92' lang='lat'>,</span> <span class='ocrx_word' id='word_1_90' title='bbox 1075 1827 1543 2003; x_wconf 56' lang='lat' dir='ltr'>depffitatioe</span> <span class='ocrx_word' id='word_1_91' title='bbox 1627 1850 1790 1930; x_wconf 87' lang='lat' dir='ltr'>quae</span> <span class='ocrx_word' id='word_1_92' title='bbox 1849 1824 2020 1903; x_wconf 74' lang='lat' dir='ltr'>cum</span> <span class='ocrx_word' id='word_1_93' title='bbox 2073 1826 2211 1904; x_wconf 89' lang='lat' dir='ltr'>fint</span> <span class='ocrx_word' id='word_1_94' title='bbox 2296 1827 2632 1921; x_wconf 86' lang='lat' dir='ltr'>diversa,</span> <span class='ocrx_word' id='word_1_95' title='bbox 2698 1826 2790 1904; x_wconf 90' lang='lat' dir='ltr'>de</span> <span class='ocrx_word' id='word_1_96' title='bbox 2847 1828 3138 1936; x_wconf 75' lang='lat' dir='ltr'>singulis</span> <span class='ocrx_word' id='word_1_97' title='bbox 3202 1833 3452 1917; x_wconf 81' lang='lat' dir='ltr'>dicere</span> 
     </span>
     <span class='ocr_line' id='line_1_14' title="bbox 671 1927 1388 2010; baseline -0.003 -1"><span class='ocrx_word' id='word_1_98' title='bbox 671 1933 822 2010; x_wconf 83' lang='lat' dir='ltr'>hau</span> <span class='ocrx_word' id='word_1_99' title='bbox 919 1930 1060 2007; x_wconf 86' lang='lat' dir='ltr'>erit</span> <span class='ocrx_word' id='word_1_100' title='bbox 1102 1929 1229 2004; x_wconf 90' lang='lat' dir='ltr'>inu</span> <span class='ocrx_word' id='word_1_101' title='bbox 1267 1927 1282 1942; x_wconf 81' lang='lat'><strong>‘</strong></span> <span class='ocrx_word' id='word_1_102' title='bbox 1324 1952 1388 2007; x_wconf 91' lang='lat' dir='ltr'>e.</span> 
     </span>
    </p>
   </div>
   <div class='ocr_carea' id='block_1_5' title="bbox 669 2103 3308 2263">
    <p class='ocr_par' dir='ltr' id='par_1_6' title="bbox 669 2103 3308 2263">
     <span class='ocr_line' id='line_1_15' title="bbox 669 2103 3308 2263; baseline 0.002 -38"><span class='ocrx_word' id='word_1_103' title='bbox 669 2106 684 2227; x_wconf 49' lang='grc' dir='ltr'>ᾗ</span> <span class='ocrx_word' id='word_1_104' title='bbox 815 2109 1015 2226; x_wconf 88' lang='lat' dir='ltr'>De</span> <span class='ocrx_word' id='word_1_105' title='bbox 1086 2103 1454 2253; x_wconf 86' lang='lat' dir='ltr'>exsilio</span> <span class='ocrx_word' id='word_1_106' title='bbox 1493 2190 1529 2245; x_wconf 92' lang='lat'><strong>,</strong></span> <span class='ocrx_word' id='word_1_107' title='bbox 1612 2106 2247 2259; x_wconf 83' lang='lat' dir='ltr'>relegatione</span> <span class='ocrx_word' id='word_1_108' title='bbox 2321 2104 2478 2222; x_wconf 65' lang='grc' dir='ltr'>δί’,</span> <span class='ocrx_word' id='word_1_109' title='bbox 2550 2108 3308 2263; x_wconf 81' lang='lat' dir='ltr'>deportatione.</span> 
     </span>
    </p>
   </div>
   <div class='ocr_carea' id='block_1_6' title="bbox 667 2328 3461 4107">
    <p class='ocr_par' dir='ltr' id='par_1_7' title="bbox 667 2328 3461 4107">
     <span class='ocr_line' id='line_1_16' title="bbox 776 2328 3449 2433; baseline 0.003 -25"><span class='ocrx_word' id='word_1_110' title='bbox 776 2331 1027 2409; x_wconf 66' lang='lat' dir='ltr'>lxma</span> <span class='ocrx_word' id='word_1_111' title='bbox 1062 2328 1340 2430; x_wconf 88' lang='lat' dir='ltr'>optima</span> <span class='ocrx_word' id='word_1_112' title='bbox 1384 2328 1705 2406; x_wconf 90' lang='lat' dir='ltr'>instituta</span> <span class='ocrx_word' id='word_1_113' title='bbox 1729 2385 1754 2421; x_wconf 90' lang='lat'>,</span> <span class='ocrx_word' id='word_1_114' title='bbox 1804 2330 2065 2432; x_wconf 85' lang='lat' dir='ltr'>quibus</span> <span class='ocrx_word' id='word_1_115' title='bbox 2120 2328 2362 2433; x_wconf 85' lang='lat' dir='ltr'>viguit</span> <span class='ocrx_word' id='word_1_116' title='bbox 2402 2329 2810 2430; x_wconf 87' lang='lat' dir='ltr'>respublica</span> <span class='ocrx_word' id='word_1_117' title='bbox 2835 2330 3165 2409; x_wconf 86' lang='lat' dir='ltr'>Romana</span> <span class='ocrx_word' id='word_1_118' title='bbox 3190 2389 3213 2424; x_wconf 91' lang='lat'>‚</span> <span class='ocrx_word' id='word_1_119' title='bbox 3260 2335 3449 2416; x_wconf 81' lang='lat' dir='ltr'>illud</span> 
     </span>
     <span class='ocr_line' id='line_1_17' title="bbox 667 2429 3453 2545; baseline 0.001 -35"><span class='ocrx_word' id='word_1_120' title='bbox 667 2433 854 2510; x_wconf 83' lang='lat' dir='ltr'>mihi</span> <span class='ocrx_word' id='word_1_121' title='bbox 916 2431 1356 2534; x_wconf 88' lang='lat' dir='ltr'>potisfimum</span> <span class='ocrx_word' id='word_1_122' title='bbox 1413 2429 1706 2507; x_wconf 85' lang='lat' dir='ltr'>videtur</span> <span class='ocrx_word' id='word_1_123' title='bbox 1757 2455 1907 2532; x_wconf 92' lang='lat' dir='ltr'>quo</span> <span class='ocrx_word' id='word_1_124' title='bbox 1978 2434 2350 2507; x_wconf 72' lang='lat' dir='ltr'>PATmAm</span> <span class='ocrx_word' id='word_1_125' title='bbox 2378 2483 2403 2521; x_wconf 93' lang='lat'><strong>‚</strong></span> <span class='ocrx_word' id='word_1_126' title='bbox 2450 2430 2939 2509; x_wconf 75' lang='lat' dir='ltr'>sanfflffimam</span> <span class='ocrx_word' id='word_1_127' title='bbox 3017 2457 3396 2545; x_wconf 86' lang='lat' dir='ltr'>parentem</span> <span class='ocrx_word' id='word_1_128' title='bbox 3422 2489 3453 2525; x_wconf 88' lang='lat'><strong>,</strong></span> 
     </span>
     <span class='ocr_line' id='line_1_18' title="bbox 669 2529 3449 2636; baseline 0.001 -27"><span class='ocrx_word' id='word_1_129' title='bbox 669 2531 919 2610; x_wconf 88' lang='lat' dir='ltr'>liberis</span> <span class='ocrx_word' id='word_1_130' title='bbox 973 2530 1196 2634; x_wconf 88' lang='lat' dir='ltr'>seque</span> <span class='ocrx_word' id='word_1_131' title='bbox 1258 2529 1422 2632; x_wconf 82' lang='lat' dir='ltr'>ipfis</span> <span class='ocrx_word' id='word_1_132' title='bbox 1464 2530 1819 2607; x_wconf 86' lang='lat' dir='ltr'>cariorem</span> <span class='ocrx_word' id='word_1_133' title='bbox 1847 2586 1870 2621; x_wconf 90' lang='lat'>‚</span> <span class='ocrx_word' id='word_1_134' title='bbox 1920 2530 2505 2609; x_wconf 82' lang='lat' dir='ltr'>venerabantur:</span> <span class='ocrx_word' id='word_1_135' title='bbox 2553 2558 2698 2634; x_wconf 92' lang='lat' dir='ltr'>pro</span> <span class='ocrx_word' id='word_1_136' title='bbox 2755 2533 2902 2634; x_wconf 69' lang='lat' dir='ltr'>qua</span> <span class='ocrx_word' id='word_1_137' title='bbox 2959 2557 3214 2610; x_wconf 76' lang='lat' dir='ltr'>vivere</span> <span class='ocrx_word' id='word_1_138' title='bbox 3240 2591 3262 2625; x_wconf 92' lang='lat'>,</span> <span class='ocrx_word' id='word_1_139' title='bbox 3305 2560 3449 2636; x_wconf 89' lang='lat' dir='ltr'>pro</span> 
     </span>
     <span class='ocr_line' id='line_1_19' title="bbox 669 2629 3455 2737; baseline 0.001 -29"><span class='ocrx_word' id='word_1_140' title='bbox 669 2636 823 2736; x_wconf 73' lang='lat' dir='ltr'>qua</span> <span class='ocrx_word' id='word_1_141' title='bbox 861 2632 1093 2722; x_wconf 89' lang='lat' dir='ltr'>mori,</span> <span class='ocrx_word' id='word_1_142' title='bbox 1149 2630 1270 2711; x_wconf 85' lang='lat' dir='ltr'>cui</span> <span class='ocrx_word' id='word_1_143' title='bbox 1313 2630 1392 2707; x_wconf 88' lang='lat' dir='ltr'>se</span> <span class='ocrx_word' id='word_1_144' title='bbox 1442 2648 1646 2707; x_wconf 85' lang='lat' dir='ltr'>totos</span> <span class='ocrx_word' id='word_1_145' title='bbox 1679 2629 1950 2708; x_wconf 88' lang='lat' dir='ltr'>dedere</span> <span class='ocrx_word' id='word_1_146' title='bbox 1976 2688 2000 2722; x_wconf 94' lang='lat'>‚</span> <span class='ocrx_word' id='word_1_147' title='bbox 2035 2632 2114 2708; x_wconf 93' lang='lat' dir='ltr'>in</span> <span class='ocrx_word' id='word_1_148' title='bbox 2140 2631 2285 2734; x_wconf 68' lang='lat' dir='ltr'>qua</span> <span class='ocrx_word' id='word_1_149' title='bbox 2311 2629 2438 2708; x_wconf 86' lang='lat' dir='ltr'>sua</span> <span class='ocrx_word' id='word_1_150' title='bbox 2470 2633 2722 2710; x_wconf 84' lang='lat' dir='ltr'>omnia</span> <span class='ocrx_word' id='word_1_151' title='bbox 2758 2656 3042 2734; x_wconf 90' lang='lat' dir='ltr'>ponere</span> <span class='ocrx_word' id='word_1_152' title='bbox 3066 2689 3090 2724; x_wconf 91' lang='lat'>‚</span> <span class='ocrx_word' id='word_1_153' title='bbox 3142 2639 3212 2709; x_wconf 75' lang='grc' dir='ltr'>δε</span> <span class='ocrx_word' id='word_1_154' title='bbox 3254 2632 3455 2737; x_wconf 76' lang='lat' dir='ltr'>quafi</span> 
     </span>
     <span class='ocr_line' id='line_1_20' title="bbox 674 2729 3454 2832; baseline -0 -21"><span class='ocrx_word' id='word_1_155' title='bbox 674 2732 1099 2811; x_wconf 87' lang='lat' dir='ltr'>consecrare</span> <span class='ocrx_word' id='word_1_156' title='bbox 1139 2729 1530 2808; x_wconf 87' lang='lat' dir='ltr'>debebant.</span> <span class='ocrx_word' id='word_1_157' title='bbox 1581 2730 1770 2805; x_wconf 74' lang='lat' dir='ltr'>Cum</span> <span class='ocrx_word' id='word_1_158' title='bbox 1816 2751 2020 2806; x_wconf 89' lang='lat' dir='ltr'>tanta</span> <span class='ocrx_word' id='word_1_159' title='bbox 2052 2732 2301 2808; x_wconf 89' lang='lat' dir='ltr'>forent</span> <span class='ocrx_word' id='word_1_160' title='bbox 2340 2733 2592 2832; x_wconf 84' lang='lat' dir='ltr'>patriae</span> <span class='ocrx_word' id='word_1_161' title='bbox 2635 2733 2945 2808; x_wconf 88' lang='lat' dir='ltr'>nomina</span> <span class='ocrx_word' id='word_1_162' title='bbox 2968 2786 2991 2821; x_wconf 88' lang='lat'><strong>,</strong></span> <span class='ocrx_word' id='word_1_163' title='bbox 3024 2733 3283 2811; x_wconf 72' lang='lat' dir='ltr'>merito</span> <span class='ocrx_word' id='word_1_164' title='bbox 3316 2734 3454 2810; x_wconf 87' lang='lat' dir='ltr'>sta·-</span> 
     </span>
     <span class='ocr_line' id='line_1_21' title="bbox 669 2828 3451 2929; baseline -0 -20"><span class='ocrx_word' id='word_1_165' title='bbox 669 2854 909 2925; x_wconf 57' lang='lat' dir='ltr'>ztutum</span> <span class='ocrx_word' id='word_1_166' title='bbox 936 2852 1090 2908; x_wconf 87' lang='lat' dir='ltr'>erat</span> <span class='ocrx_word' id='word_1_167' title='bbox 1121 2851 1205 2904; x_wconf 91' lang='lat' dir='ltr'>ut</span> <span class='ocrx_word' id='word_1_168' title='bbox 1258 2854 1482 2904; x_wconf 91' lang='lat' dir='ltr'>nemo</span> <span class='ocrx_word' id='word_1_169' title='bbox 1522 2828 1705 2903; x_wconf 84' lang='lat' dir='ltr'>civis</span> <span class='ocrx_word' id='word_1_170' title='bbox 1758 2828 2131 2904; x_wconf 86' lang='lat' dir='ltr'>Romanus</span> <span class='ocrx_word' id='word_1_171' title='bbox 2184 2828 2566 2907; x_wconf 88' lang='lat' dir='ltr'>civitatem</span> <span class='ocrx_word' id='word_1_172' title='bbox 2612 2829 2847 2929; x_wconf 84' lang='lat' dir='ltr'>poffet</span> <span class='ocrx_word' id='word_1_173' title='bbox 2893 2831 3220 2910; x_wconf 87' lang='lat' dir='ltr'>amittere</span> <span class='ocrx_word' id='word_1_174' title='bbox 3249 2890 3272 2924; x_wconf 90' lang='lat'><strong>,</strong></span> <span class='ocrx_word' id='word_1_175' title='bbox 3315 2833 3451 2913; x_wconf 77' lang='lat' dir='ltr'>nisi</span> 
     </span>
     <span class='ocr_line' id='line_1_22' title="bbox 671 2925 3453 3035; baseline 0.001 -26"><span class='ocrx_word' id='word_1_176' title='bbox 671 2932 830 3035; x_wconf 85' lang='lat' dir='ltr'>ipse</span> <span class='ocrx_word' id='word_1_177' title='bbox 863 2936 1108 3008; x_wconf 68' lang='lat' dir='ltr'>auetor</span> <span class='ocrx_word' id='word_1_178' title='bbox 1131 2929 1324 3006; x_wconf 83' lang='lat' dir='ltr'>effer.</span> <span class='ocrx_word' id='word_1_179' title='bbox 1348 2926 1572 3018; x_wconf 92' lang='lat' dir='ltr'>Inde,</span> <span class='ocrx_word' id='word_1_180' title='bbox 1610 2926 1658 3001; x_wconf 89' lang='lat' dir='ltr'>fi</span> <span class='ocrx_word' id='word_1_181' title='bbox 1691 2951 1950 3028; x_wconf 89' lang='lat' dir='ltr'>quem,</span> <span class='ocrx_word' id='word_1_182' title='bbox 1992 2927 2101 3003; x_wconf 88' lang='lat' dir='ltr'>rei</span> <span class='ocrx_word' id='word_1_183' title='bbox 2131 2925 2461 3027; x_wconf 81' lang='lat' dir='ltr'>capitalis</span> <span class='ocrx_word' id='word_1_184' title='bbox 2485 2930 2928 3020; x_wconf 89' lang='lat' dir='ltr'>damnatum,</span> <span class='ocrx_word' id='word_1_185' title='bbox 2962 2933 3263 3030; x_wconf 63' lang='lat' dir='ltr'>ejectum</span> <span class='ocrx_word' id='word_1_186' title='bbox 3289 2934 3453 3011; x_wconf 83' lang='lat' dir='ltr'>vel-</span> 
     </span>
     <span class='ocr_line' id='line_1_23' title="bbox 667 3025 3451 3143; baseline -0 -32"><span class='ocrx_word' id='word_1_187' title='bbox 667 3032 834 3124; x_wconf 81' lang='lat' dir='ltr'>lent</span> <span class='ocrx_word' id='word_1_188' title='bbox 875 3028 1192 3111; x_wconf 84' lang='lat' dir='ltr'>Romani</span> <span class='ocrx_word' id='word_1_189' title='bbox 1229 3087 1253 3122; x_wconf 91' lang='lat'>‚</span> <span class='ocrx_word' id='word_1_190' title='bbox 1311 3032 1507 3114; x_wconf 69' lang='lat' dir='ltr'>testo</span> <span class='ocrx_word' id='word_1_191' title='bbox 1547 3085 1569 3119; x_wconf 93' lang='lat'>,</span> <span class='ocrx_word' id='word_1_192' title='bbox 1625 3026 1798 3143; x_wconf 86' lang='lat' dir='ltr'>igne</span> <span class='ocrx_word' id='word_1_193' title='bbox 1834 3084 1859 3121; x_wconf 89' lang='lat'>,</span> <span class='ocrx_word' id='word_1_194' title='bbox 1911 3027 2145 3131; x_wconf 64' lang='lat' dir='ltr'>aqua,</span> <span class='ocrx_word' id='word_1_195' title='bbox 2182 3025 2775 3105; x_wconf 87' lang='lat' dir='ltr'>interdicebatur.</span> <span class='ocrx_word' id='word_1_196' title='bbox 2828 3031 3047 3106; x_wconf 91' lang='lat' dir='ltr'>Tunc</span> <span class='ocrx_word' id='word_1_197' title='bbox 3074 3086 3097 3122; x_wconf 89' lang='lat'>,</span> <span class='ocrx_word' id='word_1_198' title='bbox 3151 3031 3320 3108; x_wconf 77' lang='lat' dir='ltr'>cum</span> <span class='ocrx_word' id='word_1_199' title='bbox 3367 3035 3451 3111; x_wconf 87' lang='lat' dir='ltr'>in</span> 
     </span>
     <span class='ocr_line' id='line_1_24' title="bbox 667 3125 3449 3232; baseline -0.001 -19"><span class='ocrx_word' id='word_1_200' title='bbox 667 3135 888 3213; x_wconf 83' lang='lat' dir='ltr'>aliam</span> <span class='ocrx_word' id='word_1_201' title='bbox 919 3133 1294 3212; x_wconf 87' lang='lat' dir='ltr'>civitatem</span> <span class='ocrx_word' id='word_1_202' title='bbox 1334 3132 1409 3207; x_wconf 89' lang='lat' dir='ltr'>se</span> <span class='ocrx_word' id='word_1_203' title='bbox 1441 3128 1818 3231; x_wconf 81' lang='lat' dir='ltr'>recep1sset</span> <span class='ocrx_word' id='word_1_204' title='bbox 1839 3185 1862 3221; x_wconf 91' lang='lat'>,</span> <span class='ocrx_word' id='word_1_205' title='bbox 1908 3153 2053 3207; x_wconf 85' lang='lat' dir='ltr'>nec</span> <span class='ocrx_word' id='word_1_206' title='bbox 2082 3129 2256 3206; x_wconf 85' lang='lat' dir='ltr'>duas</span> <span class='ocrx_word' id='word_1_207' title='bbox 2287 3125 2494 3205; x_wconf 86' lang='lat' dir='ltr'>fimul</span> <span class='ocrx_word' id='word_1_208' title='bbox 2538 3129 2808 3205; x_wconf 86' lang='lat' dir='ltr'>habere</span> <span class='ocrx_word' id='word_1_209' title='bbox 2834 3130 3069 3232; x_wconf 84' lang='lat' dir='ltr'>poffet</span> <span class='ocrx_word' id='word_1_210' title='bbox 3093 3186 3114 3221; x_wconf 92' lang='lat'>‚</span> <span class='ocrx_word' id='word_1_211' title='bbox 3146 3131 3449 3210; x_wconf 80' lang='lat' dir='ltr'>civitate</span> 
     </span>
     <span class='ocr_line' id='line_1_25' title="bbox 669 3229 3461 3343; baseline 0.001 -32"><span class='ocrx_word' id='word_1_212' title='bbox 669 3233 1008 3313; x_wconf 70' lang='lat' dir='ltr'>Romana</span> <span class='ocrx_word' id='word_1_213' title='bbox 1053 3230 1295 3308; x_wconf 69' lang='lat' dir='ltr'>amissa</span> <span class='ocrx_word' id='word_1_214' title='bbox 1318 3287 1341 3323; x_wconf 88' lang='lat'>,</span> <span class='ocrx_word' id='word_1_215' title='bbox 1399 3229 1862 3343; x_wconf 84' lang='lat' dir='ltr'>redigebatur</span> <span class='ocrx_word' id='word_1_216' title='bbox 1909 3231 1989 3305; x_wconf 89' lang='lat' dir='ltr'>in</span> <span class='ocrx_word' id='word_1_217' title='bbox 2034 3229 2654 3334; x_wconf 81' lang='lat' dir='ltr'>peregrinitatem.</span> <span class='ocrx_word' id='word_1_218' title='bbox 2689 3229 2879 3306; x_wconf 84' lang='lat' dir='ltr'>Haec</span> <span class='ocrx_word' id='word_1_219' title='bbox 2930 3255 3158 3333; x_wconf 88' lang='lat' dir='ltr'>poena</span> <span class='ocrx_word' id='word_1_220' title='bbox 3206 3231 3461 3330; x_wconf 69' lang='lat' dir='ltr'>exsilii.</span> 
     </span>
     <span class='ocr_line' id='line_1_26' title="bbox 669 3327 3451 3433; baseline -0.001 -21"><span class='ocrx_word' id='word_1_221' title='bbox 669 3335 894 3412; x_wconf 82' lang='lat' dir='ltr'>Exsul</span> <span class='ocrx_word' id='word_1_222' title='bbox 921 3333 1297 3412; x_wconf 86' lang='lat' dir='ltr'>civitatem</span> <span class='ocrx_word' id='word_1_223' title='bbox 1322 3385 1343 3424; x_wconf 92' lang='lat'><strong>,</strong></span> <span class='ocrx_word' id='word_1_224' title='bbox 1392 3352 1702 3433; x_wconf 71' lang='lat' dir='ltr'>patriam</span> <span class='ocrx_word' id='word_1_225' title='bbox 1739 3331 1820 3404; x_wconf 94' lang='lat' dir='ltr'>in</span> <span class='ocrx_word' id='word_1_226' title='bbox 1869 3327 2142 3407; x_wconf 85' lang='lat' dir='ltr'>liberos</span> <span class='ocrx_word' id='word_1_227' title='bbox 2258 3331 2637 3409; x_wconf 89' lang='lat' dir='ltr'>otestatem</span> <span class='ocrx_word' id='word_1_228' title='bbox 2654 3386 2677 3422; x_wconf 90' lang='lat'><strong>,</strong></span> <span class='ocrx_word' id='word_1_229' title='bbox 2732 3329 3138 3407; x_wconf 89' lang='lat' dir='ltr'>testamenti</span> <span class='ocrx_word' id='word_1_230' title='bbox 3188 3331 3451 3410; x_wconf 72' lang='lat' dir='ltr'>faedo-</span> 
     </span>
     <span class='ocr_line' id='line_1_27' title="bbox 671 3428 3450 3530; baseline -0.002 -19"><span class='ocrx_word' id='word_1_231' title='bbox 671 3437 844 3513; x_wconf 81' lang='lat' dir='ltr'>nem</span> <span class='ocrx_word' id='word_1_232' title='bbox 869 3493 890 3524; x_wconf 90' lang='lat'>‚</span> <span class='ocrx_word' id='word_1_233' title='bbox 939 3434 1182 3523; x_wconf 90' lang='lat' dir='ltr'>bona,</span> <span class='ocrx_word' id='word_1_234' title='bbox 1229 3439 1301 3508; x_wconf 73' lang='grc' dir='ltr'>δε</span> <span class='ocrx_word' id='word_1_235' title='bbox 1339 3428 1590 3507; x_wconf 89' lang='lat' dir='ltr'>omnia</span> <span class='ocrx_word' id='word_1_236' title='bbox 1628 3431 1942 3508; x_wconf 91' lang='lat' dir='ltr'>omnino</span> <span class='ocrx_word' id='word_1_237' title='bbox 1983 3435 2139 3530; x_wconf 81' lang='lat' dir='ltr'>jura</span> <span class='ocrx_word' id='word_1_238' title='bbox 2211 3458 2308 3507; x_wconf 91' lang='lat' dir='ltr'>ua</span> <span class='ocrx_word' id='word_1_239' title='bbox 2351 3432 2772 3523; x_wconf 83' lang='lat' dir='ltr'>amittebat,</span> <span class='ocrx_word' id='word_1_240' title='bbox 2802 3451 2888 3506; x_wconf 91' lang='lat' dir='ltr'>ut</span> <span class='ocrx_word' id='word_1_241' title='bbox 2925 3431 3179 3508; x_wconf 83' lang='lat' dir='ltr'>videre</span> <span class='ocrx_word' id='word_1_242' title='bbox 3234 3431 3334 3509; x_wconf 90' lang='lat' dir='ltr'>est</span> <span class='ocrx_word' id='word_1_243' title='bbox 3367 3433 3450 3528; x_wconf 78' lang='lat' dir='ltr'>in</span> 
     </span>
     <span class='ocr_line' id='line_1_28' title="bbox 671 3529 3454 3641; baseline -0 -31"><span class='ocrx_word' id='word_1_244' title='bbox 671 3533 958 3641; x_wconf 88' lang='lat' dir='ltr'>Digest.</span> <span class='ocrx_word' id='word_1_245' title='bbox 984 3533 1115 3611; x_wconf 86' lang='lat' dir='ltr'>lib.</span> <span class='ocrx_word' id='word_1_246' title='bbox 1138 3529 1474 3609; x_wconf 91' lang='lat' dir='ltr'><strong>XLVIII.</strong></span> <span class='ocrx_word' id='word_1_247' title='bbox 1514 3531 1670 3606; x_wconf 89' lang='lat' dir='ltr'>Tit.</span> <span class='ocrx_word' id='word_1_248' title='bbox 1712 3558 1778 3612; x_wconf 89' lang='lat'>1.</span> <span class='ocrx_word' id='word_1_249' title='bbox 1816 3531 1907 3608; x_wconf 87' lang='lat' dir='ltr'>dc</span> <span class='ocrx_word' id='word_1_250' title='bbox 1932 3530 2250 3609; x_wconf 84' lang='lat' dir='ltr'>Publicis</span> <span class='ocrx_word' id='word_1_251' title='bbox 2272 3534 2594 3611; x_wconf 80' lang='lat' dir='ltr'>Judiciis.</span> <span class='ocrx_word' id='word_1_252' title='bbox 2626 3531 2780 3608; x_wconf 86' lang='lat' dir='ltr'>Tit.</span> <span class='ocrx_word' id='word_1_253' title='bbox 2818 3556 2948 3608; x_wconf 90' lang='lat'>22.</span> <span class='ocrx_word' id='word_1_254' title='bbox 2975 3531 3067 3608; x_wconf 91' lang='lat' dir='ltr'>de</span> <span class='ocrx_word' id='word_1_255' title='bbox 3094 3532 3454 3609; x_wconf 85' lang='lat' dir='ltr'>Interdic-</span> 
     </span>
     <span class='ocr_line' id='line_1_29' title="bbox 673 3625 3376 3740; baseline 0 -28"><span class='ocrx_word' id='word_1_256' title='bbox 673 3632 769 3712; x_wconf 83' lang='lat' dir='ltr'>tis</span> <span class='ocrx_word' id='word_1_257' title='bbox 793 3690 818 3727; x_wconf 88' lang='lat'>,</span> <span class='ocrx_word' id='word_1_258' title='bbox 847 3633 1212 3740; x_wconf 84' lang='lat' dir='ltr'>Relegatis</span> <span class='ocrx_word' id='word_1_259' title='bbox 1239 3639 1309 3710; x_wconf 76' lang='grc' dir='ltr'>δε</span> <span class='ocrx_word' id='word_1_260' title='bbox 1332 3625 1454 3708; x_wconf 89' lang='lat' dir='ltr'>De</span> <span class='ocrx_word' id='word_1_261' title='bbox 1508 3632 1785 3708; x_wconf 69' lang='lat' dir='ltr'>ortatiS.</span> <span class='ocrx_word' id='word_1_262' title='bbox 1823 3632 2055 3733; x_wconf 87' lang='lat' dir='ltr'>Apud</span> <span class='ocrx_word' id='word_1_263' title='bbox 2108 3631 2369 3709; x_wconf 83' lang='lat' dir='ltr'>Caium</span> <span class='ocrx_word' id='word_1_264' title='bbox 2397 3691 2417 3724; x_wconf 91' lang='lat'>‚</span> <span class='ocrx_word' id='word_1_265' title='bbox 2455 3633 2764 3709; x_wconf 85' lang='lat' dir='ltr'>Institut.</span> <span class='ocrx_word' id='word_1_266' title='bbox 2814 3631 2981 3713; x_wconf 89' lang='lat' dir='ltr'>libr.</span> <span class='ocrx_word' id='word_1_267' title='bbox 3018 3634 3080 3707; x_wconf 93' lang='grc' dir='ltr'>Ι.</span> <span class='ocrx_word' id='word_1_268' title='bbox 3113 3633 3268 3709; x_wconf 88' lang='lat' dir='ltr'>Tit.</span> <span class='ocrx_word' id='word_1_269' title='bbox 3302 3635 3376 3713; x_wconf 87' lang='lat'>6.</span> 
     </span>
     <span class='ocr_line' id='line_1_30' title="bbox 675 3731 3452 3837; baseline -0 -27"><span class='ocrx_word' id='word_1_270' title='bbox 675 3799 684 3802; x_wconf 90' lang='lat'>-</span> <span class='ocrx_word' id='word_1_271' title='bbox 778 3738 1121 3837; x_wconf 77' lang='lat' dir='ltr'>Relegatio</span> <span class='ocrx_word' id='word_1_272' title='bbox 1172 3733 1266 3809; x_wconf 93' lang='lat' dir='ltr'>ab</span> <span class='ocrx_word' id='word_1_273' title='bbox 1322 3757 1413 3809; x_wconf 84' lang='lat' dir='ltr'>ex</span> <span class='ocrx_word' id='word_1_274' title='bbox 1499 3731 1574 3807; x_wconf 84' lang='lat' dir='ltr'>‘o</span> <span class='ocrx_word' id='word_1_275' title='bbox 1629 3735 1783 3808; x_wconf 82' lang='lat' dir='ltr'>erat</span> <span class='ocrx_word' id='word_1_276' title='bbox 1830 3732 2123 3834; x_wconf 86' lang='lat' dir='ltr'>penitus</span> <span class='ocrx_word' id='word_1_277' title='bbox 2202 3732 2507 3810; x_wconf 86' lang='lat' dir='ltr'>diversa.</span> <span class='ocrx_word' id='word_1_278' title='bbox 2559 3732 2947 3836; x_wconf 87' lang='lat' dir='ltr'>Relegatus</span> <span class='ocrx_word' id='word_1_279' title='bbox 3010 3732 3383 3809; x_wconf 88' lang='lat' dir='ltr'>civitatem</span> <span class='ocrx_word' id='word_1_280' title='bbox 3421 3788 3452 3827; x_wconf 89' lang='lat'><strong><em>‚</em></strong></span> 
     </span>
     <span class='ocr_line' id='line_1_31' title="bbox 677 3831 3453 3941; baseline -0.001 -28"><span class='ocrx_word' id='word_1_281' title='bbox 677 3835 988 3941; x_wconf 88' lang='lat' dir='ltr'>patriam</span> <span class='ocrx_word' id='word_1_282' title='bbox 1017 3834 1486 3938; x_wconf 88' lang='lat' dir='ltr'>potestatem,</span> <span class='ocrx_word' id='word_1_283' title='bbox 1519 3831 1928 3908; x_wconf 89' lang='lat' dir='ltr'>testamenti</span> <span class='ocrx_word' id='word_1_284' title='bbox 1954 3832 2346 3910; x_wconf 73' lang='lat' dir='ltr'>fastionem</span> <span class='ocrx_word' id='word_1_285' title='bbox 2369 3891 2391 3925; x_wconf 92' lang='lat'>,</span> <span class='ocrx_word' id='word_1_286' title='bbox 2455 3835 2706 3910; x_wconf 89' lang='lat' dir='ltr'>omnia</span> <span class='ocrx_word' id='word_1_287' title='bbox 2763 3833 2888 3908; x_wconf 91' lang='lat' dir='ltr'>sua</span> <span class='ocrx_word' id='word_1_288' title='bbox 2937 3836 3092 3933; x_wconf 79' lang='lat' dir='ltr'>jura</span> <span class='ocrx_word' id='word_1_289' title='bbox 3133 3839 3205 3909; x_wconf 79' lang='grc' dir='ltr'>δε</span> <span class='ocrx_word' id='word_1_290' title='bbox 3251 3833 3453 3910; x_wconf 82' lang='lat' dir='ltr'>bona</span> 
     </span>
     <span class='ocr_line' id='line_1_32' title="bbox 677 3932 3454 4107; baseline -0.004 -87"><span class='ocrx_word' id='word_1_291' title='bbox 677 3936 1043 4024; x_wconf 66' lang='lat' dir='ltr'>retinebat</span> <span class='ocrx_word' id='word_1_292' title='bbox 1066 3935 1181 4021; x_wconf 75' lang='lat' dir='ltr'>3ni</span> <span class='ocrx_word' id='word_1_293' title='bbox 1209 3934 1404 4012; x_wconf 73' lang='lat' dir='ltr'>forte</span> <span class='ocrx_word' id='word_1_294' title='bbox 1436 3932 1677 4026; x_wconf 85' lang='lat' dir='ltr'>bona,</span> <span class='ocrx_word' id='word_1_295' title='bbox 1714 3932 1968 4107; x_wconf 68' lang='lat' dir='ltr'>parsve</span> <span class='ocrx_word' id='word_1_296' title='bbox 2027 3933 2396 4010; x_wconf 90' lang='lat' dir='ltr'>bonorum</span> <span class='ocrx_word' id='word_1_297' title='bbox 2423 3992 2445 4026; x_wconf 92' lang='lat'>,</span> <span class='ocrx_word' id='word_1_298' title='bbox 2491 3935 2870 4036; x_wconf 87' lang='lat' dir='ltr'>speciatim</span> <span class='ocrx_word' id='word_1_299' title='bbox 2923 3933 3454 4010; x_wconf 86' lang='lat' dir='ltr'>adimerentur:</span> 
     </span>
    </p>
   </div>
   <div class='ocr_carea' id='block_1_7' title="bbox 676 4032 3455 4239">
    <p class='ocr_par' dir='ltr' id='par_1_8' title="bbox 676 4032 3455 4239">
     <span class='ocr_line' id='line_1_33' title="bbox 677 4032 3455 4132; baseline -0 -20"><span class='ocrx_word' id='word_1_300' title='bbox 677 4039 966 4113; x_wconf 75' lang='lat' dir='ltr'>tantum</span> <span class='ocrx_word' id='word_1_301' title='bbox 1014 4036 1105 4113; x_wconf 89' lang='lat' dir='ltr'>ab</span> <span class='ocrx_word' id='word_1_302' title='bbox 1149 4036 1329 4112; x_wconf 92' lang='lat' dir='ltr'>urbe</span> <span class='ocrx_word' id='word_1_303' title='bbox 1359 4033 1599 4110; x_wconf 68' lang='lat' dir='ltr'>Roma</span> <span class='ocrx_word' id='word_1_304' title='bbox 1627 4089 1650 4124; x_wconf 89' lang='lat'>,</span> <span class='ocrx_word' id='word_1_305' title='bbox 1686 4059 1729 4108; x_wconf 91' lang='lat' dir='ltr'>a</span> <span class='ocrx_word' id='word_1_306' title='bbox 1759 4032 1934 4110; x_wconf 87' lang='lat' dir='ltr'>iove</span> <span class='ocrx_word' id='word_1_307' title='bbox 1969 4032 2151 4111; x_wconf 92' lang='lat' dir='ltr'>loco</span> <span class='ocrx_word' id='word_1_308' title='bbox 2182 4034 2416 4111; x_wconf 83' lang='lat' dir='ltr'>abeffe</span> <span class='ocrx_word' id='word_1_309' title='bbox 2445 4036 2853 4117; x_wconf 82' lang='lat' dir='ltr'>tenebatur.</span> <span class='ocrx_word' id='word_1_310' title='bbox 2872 4033 3056 4112; x_wconf 88' lang='lat' dir='ltr'>Inde</span> <span class='ocrx_word' id='word_1_311' title='bbox 3090 4033 3455 4132; x_wconf 80' lang='lat' dir='ltr'>Ovidius,</span> 
     </span>
     <span class='ocr_line' id='line_1_34' title="bbox 676 4133 3453 4239; baseline -0.003 -25"><span class='ocrx_word' id='word_1_312' title='bbox 676 4134 775 4214; x_wconf 80' lang='lat' dir='ltr'>V.</span> <span class='ocrx_word' id='word_1_313' title='bbox 810 4136 1025 4211; x_wconf 82' lang='lat' dir='ltr'>Trist.</span> <span class='ocrx_word' id='word_1_314' title='bbox 1058 4135 1262 4239; x_wconf 83' lang='lat' dir='ltr'>Eleg.</span> <span class='ocrx_word' id='word_1_315' title='bbox 1306 4133 1428 4227; x_wconf 88' lang='grc' dir='ltr'>ΙΙ,</span> <span class='ocrx_word' id='word_1_316' title='bbox 1475 4157 1571 4238; x_wconf 88' lang='lat'>59</span> <span class='ocrx_word' id='word_1_317' title='bbox 1596 4189 1623 4227; x_wconf 88' lang='lat'>‚</span> <span class='ocrx_word' id='word_1_318' title='bbox 3446 4159 3453 4164; x_wconf 89' lang='lat'><strong>·</strong></span> 
     </span>
    </p>
   </div>
   <div class='ocr_carea' id='block_1_8' title="bbox 1165 4259 2652 4442">
    <p class='ocr_par' dir='ltr' id='par_1_9' title="bbox 1165 4259 2652 4442">
     <span class='ocr_line' id='line_1_35' title="bbox 1165 4259 2652 4363; baseline 0.002 -24"><span class='ocrx_word' id='word_1_319' title='bbox 1165 4278 1278 4339; x_wconf 76' lang='lat' dir='ltr'>Irae</span> <span class='ocrx_word' id='word_1_320' title='bbox 1321 4277 1495 4340; x_wconf 82' lang='lat' dir='ltr'>uidem</span> <span class='ocrx_word' id='word_1_321' title='bbox 1523 4277 1806 4341; x_wconf 80' lang='lat' dir='ltr'>moderata</span> <span class='ocrx_word' id='word_1_322' title='bbox 1837 4296 1936 4340; x_wconf 82' lang='lat' dir='ltr'>tua</span> <span class='ocrx_word' id='word_1_323' title='bbox 1963 4276 2036 4360; x_wconf 86' lang='lat' dir='ltr'>est</span> <span class='ocrx_word' id='word_1_324' title='bbox 2050 4303 2079 4358; x_wconf 79' lang='lat'>,-</span> <span class='ocrx_word' id='word_1_325' title='bbox 2114 4281 2391 4363; x_wconf 77' lang='lat' dir='ltr'>vitamque</span> <span class='ocrx_word' id='word_1_326' title='bbox 2420 4259 2611 4360; x_wconf 76' lang='lat' dir='ltr'>dedisti</span> <span class='ocrx_word' id='word_1_327' title='bbox 2628 4306 2652 4342; x_wconf 85' lang='lat'>.-</span> 
     </span>
     <span class='ocr_line' id='line_1_36' title="bbox 1349 4357 2607 4442; baseline 0.002 -25"><span class='ocrx_word' id='word_1_328' title='bbox 1349 4376 1409 4418; x_wconf 85' lang='lat' dir='ltr'>ec</span> <span class='ocrx_word' id='word_1_329' title='bbox 1437 4357 1567 4420; x_wconf 74' lang='lat' dir='ltr'><em>mihi</em></span> <span class='ocrx_word' id='word_1_330' title='bbox 1591 4359 1688 4441; x_wconf 80' lang='lat' dir='ltr'>jus</span> <span class='ocrx_word' id='word_1_331' title='bbox 1716 4359 1857 4422; x_wconf 76' lang='lat' dir='ltr'>civis</span> <span class='ocrx_word' id='word_1_332' title='bbox 1873 4404 1896 4438; x_wconf 85' lang='lat'>,</span> <span class='ocrx_word' id='word_1_333' title='bbox 1925 4378 2027 4421; x_wconf 85' lang='lat' dir='ltr'>nec</span> <span class='ocrx_word' id='word_1_334' title='bbox 2061 4361 2193 4425; x_wconf 65' lang='lat' dir='ltr'>milti</span> <span class='ocrx_word' id='word_1_335' title='bbox 2220 4381 2412 4424; x_wconf 83' lang='lat' dir='ltr'>nomen</span> <span class='ocrx_word' id='word_1_336' title='bbox 2441 4357 2607 4442; x_wconf 81' lang='lat' dir='ltr'>abest.</span> 
     </span>
    </p>
   </div>
   <div class='ocr_carea' id='block_1_9' title="bbox 675 4456 1387 4563">
    <p class='ocr_par' dir='ltr' id='par_1_10' title="bbox 675 4456 1387 4563">
     <span class='ocr_line' id='line_1_37' title="bbox 675 4456 1387 4563; baseline -0.006 -25"><span class='ocrx_word' id='word_1_337' title='bbox 675 4457 777 4538; x_wconf 87' lang='lat' dir='ltr'>Et</span> <span class='ocrx_word' id='word_1_338' title='bbox 814 4458 1024 4563; x_wconf 89' lang='lat' dir='ltr'>Eleg.</span> <span class='ocrx_word' id='word_1_339' title='bbox 1075 4456 1223 4550; x_wconf 90' lang='lat' dir='ltr'><strong>XI,</strong></span> <span class='ocrx_word' id='word_1_340' title='bbox 1265 4482 1387 4562; x_wconf 83' lang='lat'>¹5·</span> 
     </span>
    </p>
   </div>
   <div class='ocr_carea' id='block_1_10' title="bbox 1162 4590 2727 4973">
    <p class='ocr_par' dir='ltr' id='par_1_11' title="bbox 1162 4590 2727 4973">
     <span class='ocr_line' id='line_1_38' title="bbox 1162 4590 2727 4677; baseline -0.003 -19"><span class='ocrx_word' id='word_1_341' title='bbox 1162 4594 1290 4658; x_wconf 86' lang='lat' dir='ltr'>Nec</span> <span class='ocrx_word' id='word_1_342' title='bbox 1321 4593 1535 4673; x_wconf 78' lang='lat' dir='ltr'>vitam,</span> <span class='ocrx_word' id='word_1_343' title='bbox 1575 4619 1678 4664; x_wconf 84' lang='lat' dir='ltr'>nec</span> <span class='ocrx_word' id='word_1_344' title='bbox 1716 4617 2005 4677; x_wconf 72' lang='lat' dir='ltr'>opes,nec</span> <span class='ocrx_word' id='word_1_345' title='bbox 2036 4595 2289 4674; x_wconf 74' lang='lat' dir='ltr'>jusmilu‘</span> <span class='ocrx_word' id='word_1_346' title='bbox 2310 4595 2452 4657; x_wconf 81' lang='lat' dir='ltr'>civis</span> <span class='ocrx_word' id='word_1_347' title='bbox 2472 4590 2675 4656; x_wconf 80' lang='lat' dir='ltr'>ademit</span> <span class='ocrx_word' id='word_1_348' title='bbox 2695 4611 2727 4665; x_wconf 78' lang='lat'>,-</span> 
     </span>
     <span class='ocr_line' id='line_1_39' title="bbox 1282 4672 2461 4759; baseline -0.003 -22"><span class='ocrx_word' id='word_1_349' title='bbox 1282 4674 1430 4759; x_wconf 84' lang='lat' dir='ltr'>Quae</span> <span class='ocrx_word' id='word_1_350' title='bbox 1465 4679 1636 4738; x_wconf 82' lang='lat' dir='ltr'>merui</span> <span class='ocrx_word' id='word_1_351' title='bbox 1667 4678 1803 4738; x_wconf 77' lang='lat' dir='ltr'>vitio</span> <span class='ocrx_word' id='word_1_352' title='bbox 1840 4674 2067 4752; x_wconf 81' lang='lat' dir='ltr'>perdere</span> <span class='ocrx_word' id='word_1_353' title='bbox 2097 4672 2290 4732; x_wconf 72' lang='grc' dir='ltr'><em>αιηὲῗα</em></span> <span class='ocrx_word' id='word_1_354' title='bbox 2327 4693 2461 4733; x_wconf 86' lang='lat' dir='ltr'>meo.</span> 
     </span>
     <span class='ocr_line' id='line_1_40' title="bbox 1172 4748 2442 4831; baseline -0.008 -16"><span class='ocrx_word' id='word_1_355' title='bbox 1172 4752 1285 4815; x_wconf 81' lang='lat' dir='ltr'>Sed</span> <span class='ocrx_word' id='word_1_356' title='bbox 1345 4757 1440 4817; x_wconf 85' lang='lat' dir='ltr'>uia</span> <span class='ocrx_word' id='word_1_357' title='bbox 1464 4755 1691 4831; x_wconf 76' lang='lat' dir='ltr'>peccato</span> <span class='ocrx_word' id='word_1_358' title='bbox 1711 4752 1949 4827; x_wconf 80' lang='lat' dir='ltr'>facinus</span> <span class='ocrx_word' id='word_1_359' title='bbox 1970 4771 2078 4810; x_wconf 84' lang='lat' dir='ltr'>non</span> <span class='ocrx_word' id='word_1_360' title='bbox 2111 4748 2291 4824; x_wconf 69' lang='lat' dir='ltr'>adficit</span> <span class='ocrx_word' id='word_1_361' title='bbox 2322 4748 2442 4820; x_wconf 86' lang='lat' dir='ltr'><em>illi,</em></span> 
     </span>
     <span class='ocr_line' id='line_1_41' title="bbox 1275 4776 2440 4914; baseline -0.01 -19"><span class='ocrx_word' id='word_1_362' title='bbox 1275 4776 1385 4896; x_wconf 48' lang='lat' dir='ltr'>§il</span> <span class='ocrx_word' id='word_1_363' title='bbox 1413 4830 1520 4914; x_wconf 75' lang='lat' dir='ltr'>tufi</span> <span class='ocrx_word' id='word_1_364' title='bbox 1554 4851 1638 4891; x_wconf 83' lang='lat' dir='ltr'>me</span> <span class='ocrx_word' id='word_1_365' title='bbox 1661 4831 1869 4907; x_wconf 73' lang='lat' dir='ltr'>patriis</span> <span class='ocrx_word' id='word_1_366' title='bbox 1892 4829 2040 4908; x_wconf 74' lang='lat' dir='ltr'>juffrt</span> <span class='ocrx_word' id='word_1_367' title='bbox 2076 4825 2246 4905; x_wconf 49' lang='grc' dir='ltr'>αὖε-Εἲς</span> <span class='ocrx_word' id='word_1_368' title='bbox 2265 4825 2440 4901; x_wconf 80' lang='lat' dir='ltr'>focis.</span> 
     </span>
     <span class='ocr_line' id='line_1_42' title="bbox 1189 4935 2727 4973; baseline -0.013 3"><span class='ocrx_word' id='word_1_369' title='bbox 1189 4935 2727 4973; x_wconf 66' lang='lat'><strong>...........................</strong></span> 
     </span>
    </p>
   </div>
  </div>
 </body>
</html>
