4975 6149
1469 463 1651 542 204
1912 435 2011 520 C.
2143 424 3058 518 CORNELII
3184 423 3837 512 TACITI

1199 641 1409 665 “222
1462 601 1794 686 firmatis
1846 592 2390 682 hibernaculis
2425 652 2454 698 ,
2512 580 2746 676 nullo
2788 595 2902 676 rei
2956 592 3492 676 frumentariae
3544 589 3876 705 provisu
3924 614 3953 696 9
4033 596 4282 709 rapit'

1184 717 1253 769 A.
1274 721 1336 768 υ.
1352 722 1415 771 c.
1466 730 1925 814 exercitum
1954 750 2169 809 trans
2218 748 2584 807 montem
2614 719 2976 802 Taurum
3004 780 3033 823 ‚
3108 752 3155 794 «
3213 717 3752 831 reciperandis
3789 720 3883 822 »,
3920 720 4243 806 ut'fere-

1230 808 1304 868 81
1319 826 1378 889 5.

1220 917 1269 968 J.
1305 923 1366 972 C.

1249 1011 1356 1071 62.

1465 855 1645 956 bat,
1702 887 1748 930 α
1772 852 2380 963 Tigranocertis
2404 906 2433 952 ,
2464 844 3013 956 vastandisque
3037 841 3506 956 regionibus
3536 902 3565 945 ‚
3611 848 3803 954 quas
3863 842 4240 930 Corbulo

1464 984 1880 1091 »integras
1918 976 2287 1061 omifisset
2318 1010 2364 1053 »
2384 1037 2404 1058 .
2445 971 2555 1057 Et
2580 997 2817 1084 capta
2848 971 3208 1082 quaedam
3239 965 3562 1053 castella
3586 1028 3616 1073 ‚
3650 965 4085 1080 gloriaeque
4148 980 4234 1057 &

1450 1106 1737 1223 -praedae
1785 1100 2163 1188 nonnihil
2191 1128 2553 1216 partum,
2606 1097 2663 1176 fi
2704 1123 2842 1180 aut
2869 1096 3216 1209 gloriam
3252 1124 3442 1180 cum
3478 1095 3729 1179 modo
3778 1155 3807 1198 ,
3870 1122 4007 1180 aut
4043 1128 4235 1212 prae-
4349 1126 4397 1207 ς

1462 1233 1650 1317 dam
1687 1260 1875 1315 cum
1914 1226 2104 1315 cura
2131 1224 2548 1311 habuisset.
2596 1224 3108 1334 Longinquis
3147 1220 3568 1305 itineribus
3613 1222 4155 1336 percursando
4191 1285 4233 1332 3

1460 1376 1633 1471 quae
1664 1355 2012 1441 obtineri
2042 1351 2482 1465 nequibant
2504 1410 2534 1455 ‚
2573 1375 2959 1463 corrupto
3011 1350 3148 1460 q'ui
3173 1360 3454 1463 captus
3503 1372 3672 1432 erat
3708 1341 4170 1437 commeatu
4200 1386 4234 1458 ·,

1458 1493 1551 1569 ἃ
1588 1486 1924 1567 instante
1962 1477 2126 1587 jam
2163 1482 2472 1579 hieme,
2526 1476 2846 1559 reduxit
2901 1477 3402 1571 exercitum3
3457 1476 4077 1590 composuitque
4133 1480 4234 1565 ad

1464 1610 1857 1694 Caesarem
1901 1604 2216 1714 literas,
2268 1603 2479 1718 quasi
2519 1602 2895 1689 confeao
2927 1599 3207 1709 bello,
3239 1599 3502 1688 verbis
3556 1605 4061 1716 magnificis,
4106 1635 4230 1691 re-

1455 1765 1641 1819 rum
1672 1764 1994 1821 vacuas·
2931 1776 2934 1781 ·
4295 1776 4323 1827 1
4345 1776 4398 1830 o

1582 1862 1753 1947 IX.
1817 1863 2252 1944 Ina-mum
2309 1857 2679 1946 Corbulo
2711 1887 3147 1970 numquam
3178 1854 3624 1974 negleEtam
3646 1858 4074 1977 Euphratis
4125 1861 4231 1941 ri·-

1456 2018 1646 2105 pam
1685 1985 2217 2074 crebrioribus
2248 1989 2613 2102 praesidiis
2644 1988 2981 2074 insedit:
3015 1996 3098 2072 &
3121 2046 3150 2092 ,
3193 2017 3296 2072 ne
3322 1990 3554 2101 ponti
3600 1985 4048 2094 injiciendo
4073 1988 4229 2069 im-

1456 2117 2015 2228 pedimentum
2066 2112 2717 2199 hostiles'turmae
2777 2113 3182 2199 adferrent
3222 2156 3252 2216 9
3308 2120 3333 2215 (
3375 2110 3537 2219 jam
3590 2117 3808 2195 enim
3860 2108 4231 2219 subjeffls

1454 2244 1763 2355 campis
1815 2237 2106 2351 magna
2146 2240 2412 2353 specie
2450 2236 2943 2336 volitabant)
2991 2266 3234 2320 naves
3264 2238 3819 2349 magnitudine
3868 2240 4227 2349 praestan-

1451 2389 1575 2450 tes
1602 2425 1632 2470 ,
1680 2375 1762 2450 δε
1801 2394 2209 2450 connexas
2239 2362 2594 2448 trabibus
2615 2425 2644 2468 ‚
2675 2395 2770 2447 ac
2795 2360 3145 2447 turribus
3175 2363 3436 2466 aufiias
3454 2364 3667 2475 ‚agit
3698 2392 3839 2476 per
3872 2392 4223 2465 amnem,
4294 2399 4320 2451 1
4345 2391 4390 2474 5

1456 2490 2043 2604 catapultisque
2077 2498 2160 2573 ὅ(
2182 2487 2475 2575 balistis
2502 2487 2921 2604 proturbat
2945 2486 3322 2573 barbaros
3349 2546 3377 2592 ,
3423 2491 3509 2572 in
3539 2518 3738 2599 quos
3769 2489 3952 2572 saxa
3982 2497 4065 2572 ὅ(
4093 2492 4227 2573 ha-

1452 2617 1578 2697 stae
1643 2613 1963 2728 longius
2017 2615 2590 2732 permeabant,
2659 2612 2896 2726 quam
2927 2640 3018 2699 ut
3046 2617 3453 2700 contrario
3510 2614 3975 2726 sagittarum
4014 2610 4224 2720 jaEtu

1453 2742 2079 2852 adaequarentur.
2125 2741 2347 2826 Dein
2376 2772 2585 2856 pons
2624 2745 3198 2838 continuatus3
3259 2737 3675 2851 collesque
3730 2740 4033 2825 adversi
4080 2768 4224 2855 per

1455 2867 1716 2952 socias
1755 2869 2136 2953 cohortes
2161 2927 2188 2971 ,
2227 2871 2402 2982 post
2431 2866 2851 2980 legionum
2881 2869 3145 2951 castris
3176 2891 3686 2980 occupantur
3715 2878 3738 2913 ¹
3760 2926 3787 2970 ,
3821 2864 4047 2951 tanta
4084 2896 4219 2950 ce-

1452 2989 1770 3080 leritate
1808 3002 1893 3079 ὅ(
1931 2997 2464 3080 ostentatione
2489 2996 2827 3099 virium,
2876 3019 2966 3078 ut
2996 2994 3321 3097 Parthi,
3362 2992 3647 3079 omiffo
3686 3019 3965 3109 paratu
3999 2995 4224 3078 inva·
4274 3026 4394 3083 20

1450 3120 1732 3206 dendae
1768 3125 2011 3232 Syriae
2026 3181 2054 3224 ‚
2098 3122 2319 3236 spem
2342 3151 2673 3207 omnem
2697 3124 2782 3205 in
2813 3122 3284 3204 Armeniam
3312 3147 3747 3206 verterent.

1578 3247 1689 3331 X.
1756 3249 1897 3331 11³1
1965 3251 2216 3335 Paetus
2239 3310 2268 3353 ‚
2336 3250 2940 3333 imminentium
2990 3247 3304 3331 nescius
3328 3304 3356 3350 ,
3403 3251 3764 3357 quintam
3812 3244 4225 3359 legionem

1450 3371 1746 3487 procul
1789 3379 1876 3458 in
1904 3377 2171 3461 Ponto
2214 3373 2585 3461 habebat.
2639 3372 3026 3485 Reliquas
3065 3372 3537 3487 promiscuis
3585 3371 3940 3457 militum
3987 3404 4220 3458 com-

1447 3498 1844 3584 meatibus
1863 3510 1893 3545 ²
1924 3503 2504 3599 infirmaverat3
2529 3502 2823 3605 donec,
2855 3501 3286 3584 adventare
3315 3497 3787 3613 Vologesen
3815 3529 4114 3612 magno
4137 3508 4220 3585 ὅ(

1449 3623 1767 3709 infenso
1799 3631 2118 3739 agmine
2142 3686 2169 3731 ‚
2210 3629 2601 3713 auditum.
2631 3629 2973 3714 Accitur
2998 3623 3221 3744 legio
3251 3627 3739 3714 duodecima
3759 3688 3789 3734 ,
3817 3637 3899 3712 δε
3925 3687 3954 3733 ,
4007 3629 4221 3712 unde
4274 3661 4320 3712 2
4338 3656 4383 3737 5

1446 3746 1746 3835 famam
1796 3754 2000 3836 auffi
2047 3757 2448 3841 exercitus
2495 3755 2998 3872 speraverat,
3051 3752 3369 3870 prodita
3418 3756 3953 3866 infrequentia
3991 3787 4010 3836 ε
4064 3749 4222 3863 qua

1445 3899 1721 3960 tamen
1751 3881 2079 3962 retineri
2124 3884 2367 3967 castra
2390 3942 2417 3986 ,
2458 3890 2541 3965 &
2573 3878 2792 3965 eludi
2822 3883 3160 3966 Parthus
3199 3884 3450 3965 trassu
3489 3877 3687 3962 belli
3716 3902 4034 3991 poterat
4083 3940 4112 3983 ‚
4162 3880 4222 3963 ss

1443 3999 1663 4082 Paeto
1697 4030 1833 4086 aut
1859 4005 1943 4087 in
1973 4005 2158 4109 suis,
2177 4033 2313 4089 aut
2337 4011 2424 4091 in
2447 4006 2728 4092 alienis
2760 4005 3109 4112 consiliis
3141 4007 3581 4091 constantia
3607 4003 4217 4093 fuiffet.Vert1m'

1443 4120 1586 4208 ubi
1614 4157 1661 4214 a
1698 4129 1889 4215 viris
1939 4129 2417 4218 militaribus
2470 4135 2843 4219 adversus
2889 4156 3265 4243 urgentes
3318 4128 3543 4215 casus
3595 4131 3953 4218 firmatus
3996 4162 4215 4237 erat,

1440 4251 1751 4358 rursus,
1782 4286 1883 4340 ne
1916 4255 2190 4340 alienae
2217 4258 2622 4344 sententiae
2647 4260 3016 4372 indigens
3048 4256 3495 4361 videretur,
3522 4260 3605 4340 in
3638 4258 3950 4346 diversa
3977 4290 4071 4345 ac
4090 4261 4217 4361 de·
4267 4282 4306 4357 3
4329 4283 4385 4338 o

1442 4380 1735 4463 teriora
1773 4382 2171 4467 transibat.
2199 4384 2305 4469 Et
2338 4411 2537 4471 tunc
2561 4382 2852 4470 reliffls
2886 4382 3240 4467 hibernis
3264 4441 3292 4487 ,
3334 4414 3566 4468 «non
3598 4385 3879 4471 fossam
3891 4447 3921 4492 ,
3948 4416 4212 4498 neque

1440 4502 1814 4590 »vallum
1868 4508 2058 4613 fibi,
2099 4511 2234 4596 sed
2263 4543 2616 4629 corpora
2663 4520 2748 4596 ὅ(
2815 4541 3033 4596 arma
3084 4512 3171 4593 in
3219 4513 3532 4596 hostem
3573 4512 3756 4597 data
3805 4548 3851 4592 2)
3923 4508 4205 4596 clami-

1439 4650 1661 4735 tans,
1689 4634 1920 4721 duxit
1946 4633 2314 4751 legiones
2338 4702 2366 4747 ,
2416 4641 2629 4752 quasi
2657 4636 2952 4755 proelio
2993 4662 3437 4725 certaturus
3469 4673 3486 4721 ε
3541 4637 3829 4723 deinde
3852 4695 3882 4740 ,
3928 4635 4209 4720 amisso

2942 4881 2971 4912 ²
3011 4872 3538 4964 §numnam-rs]
3565 4866 3823 4958 ‘Gallice
3866 4866 3963 4930 des
3986 4867 4210 4951 congir.

1516 4868 1537 4897 ¹
1602 4861 1878 4925 Casa-rus
1926 4877 2402 4953 occursurus]
2453 4873 2631 4940 Ultra
2664 4874 2786 4940 Eu·
2813 4898 2832 5028 Ι
2861 4949 2959 5016 De
2986 4948 3084 5016 ha
3114 4949 3265 5018 nde
3296 4945 3461 5012 mfia
3493 4945 3651 5012 Hlfl·
3674 4948 3742 5025 1²
3780 4953 3888 5030 4⁶⁴

1433 4932 1735 5016 Phratem.
1766 4940 1937 5005 Infra
1958 4963 2091 5025 cap.
2124 4969 2225 5028 17.
