4975 6149
1497 415 1672 505 124·
1909 465 1912 474 .
2019 392 2121 480 c,
2221 388 3031 480 CORNELII
3116 383 3699 476 TAcr‘rr

1189 591 1442 666 γξ---ι
1471 529 1792 644 ‘Curam
1846 557 2378 673 praefidiorum
2415 556 2686 641 Paffio
2738 523 3152 671 Orphito,
3205 553 3594 670 primipili
3635 556 3953 638 honore
3998 563 4023 600 ¹
4078 573 4260 671 per-‘-

1189 669 1269 723 ⁴⁴'
1295 672 1437 724 ‘¹⁶⁶'
1483 685 1759 773 funtio
1787 745 1816 790 ,
1862 684 2212 770 mandat.
2241 684 2320 767 Is
2358 712 2837 794 quamquam
2879 684 3251 769 incautos
3289 679 3718 785 barbaros,
3760 688 3845 764 ὅ(
3876 677 4083 764 bene
4116 712 4257 794 ge-

1249 762 1401 928 {¹2
1485 811 1746 897 rendae
1780 813 1895 895 rei
1928 810 2200 895 casum
2242 810 2516 892 offerri
2567 808 2985 922 scripserat
3015 869 3044 913 ‚
3111 843 3160 886 t<
3189 833 3463 893 tenere
3518 807 3600 889 se
3678 808 4261 912 munimentisi

1263 971 1369 1044 58·
1488 946 1639 1022 »ὃς
1687 934 2027 1044 majores
2066 939 2340 1051 copias
2406 936 2831 1049 opperiri»
2902 930 3251 1043 jubetur.
3317 931 3480 1016 Sed
3538 959 3781 1048 rupto
3852 934 4196 1048 imperio
4225 990 4257 1037 ‚

1486 1066 1901 1181 postquam
1954 1089 2225 1178 paucae
2273 1092 2319 1147 e
2373 1062 2759 1177 proximis
2827 1057 3168 1144 castellis
3205 1085 3480 1143 turmae
3531 1057 4059 1163 advenerant,
4105 1090 4256 1175 pu-
4374 1073 4433 1159 ς’

1486 1219 1892 1303 gnamque
1952 1187 2354 1304 imperitia
2418 1183 2904 1302 poscebant,
2966 1183 3425 1297 congreffus
3484 1215 3675 1268 cum
3720 1188 3941 1270 hoste
3987 1185 4259 1278 fundi·³

1485 1341 1644 1401 tur.
1695 1315 1803 1400 Et
1855 1314 2149 1399 damno
2203 1310 2372 1421 ejus
2424 1313 2784 1397 exterriti
2835 1314 2972 1420 qui
3025 1310 3453 1396 subsidium
3499 1311 3706 1395 ferre
3754 1309 4194 1396 debuerant
4220 1369 4252 1416 ‚

1484 1441 1625 1526 sua
1678 1441 2006 1552 quisque
2051 1443 2136 1520 in
2176 1441 2420 1523 castra
2459 1432 2772 1550 trepida
2794 1432 2987 1548 fuga
3016 1439 3350 1552 rediere.
3390 1438 3644 1548 Quod
3672 1439 4022 1549 graviter
4061 1436 4258 1522 Cor-

1482 1565 1686 1652 bulo
1728 1568 2048 1678 accepit
2093 1598 2111 1644 ε
2169 1565 2817 1678 increpitumque
2870 1563 3225 1646 Paaium
3253 1624 3281 1666 ,
3346 1571 3431 1647 ὅ(
3510 1563 3915 1676 Ρῐεῑεᾶοε
3949 1622 3981 1665 ,
4040 1560 4255 1646 mili-

1483 1693 1762 1801 tesque
1792 1749 1820 1794 ,
1873 1723 1917 1766 «
1943 1688 2274 1773 tendere
2322 1719 2605 1774 omnes
2635 1713 2862 1771 extra
2889 1688 3198 1774 vallum
3228 1698 3261 1733 ²
3293 1724 3337 1766 >2
3377 1685 3626 1796 juffit:
3655 1691 3897 1799 inque
3937 1685 4031 1771 ea
4063 1719 4254 1773 con-
4321 1716 4350 1769 1
4371 1715 4427 1774 ο

1481 1812 1818 1902 ωηιεΙίἃ
1870 1814 2236 1922 detenti,
2278 1846 2431 1903 nec
2486 1815 2631 1900 nifi
2681 1813 3056 1932 precibus
3097 1817 3440 1903 univerfi
3472 1816 3875 1901 exercitus
3906 1813 4256 1901 exsoluti
4362 1821 4367 1828 “

1482 1943 1693 2028 sunt.

1607 2067 2119 2157 XXXVII.
2182 2070 2337 2154 AT
2384 2071 2946 2155 T1R11>ATEs
3011 2074 3242 2187 super
3294 2074 3654 2187 proprias
3705 2067 4125 2155 clientelas
4159 2077 4253 2172 ³,

1475 2225 1636 2308 ope
1664 2194 2053 2306 Vologesi
2083 2195 2342 2277 fratris
2377 2193 2691 2300 adjutus
2716 2252 2745 2296 ,
2790 2227 2959 2281 non
2996 2199 3275 2278 furtim
3316 2193 3477 2301 jam
3494 2222 3537 2314 2⁵
3560 2194 3695 2276 sed
3734 2193 3997 2308 palam
4024 2192 4250 2276 bello

1476 2320 1874 2403 infensare
1910 2321 2378 2401 Armeniam
2402 2378 2431 2422 ,
2473 2319 2831 2429 quosque
2861 2321 3066 2404 fidos
3094 2318 3328 2404 nobis
3380 2319 3698 2404 rebatur
3728 2315 4244 2434 depopulari;
4315 2345 4345 2397 1
4371 2338 4417 2422 5

1469 2451 1565 2528 ὅ(
1607 2444 1663 2525 fi
1701 2447 1952 2558 copiae
2010 2441 2296 2529 contra
2345 2445 2883 2550 ducerentur,
2927 2444 3248 2531 eludere
3280 2475 3305 2543 ;
3344 2448 3508 2530 huc
3547 2474 3866 2556 quoque
3919 2453 4003 2530 ὃς
4041 2440 4247 2527 illuc

1476 2566 1829 2654 volitans
1854 2630 1882 2672 ,
1934 2566 2163 2684 plura
2207 2566 2418 2653 fama
2442 2631 2470 2673 ,
2502 2570 2738 2682 quam
2769 2570 3039 2689 pugna
3069 2579 3492 2657 exterrere.
3531 2572 3793 2682 Igitur
3822 2565 4243 2673 Corbulo,

1476 2697 1795 2807 quaefito
1826 2696 1964 2779 diu
2012 2692 2359 2810 proelio,
2408 2698 2685 2782 frustra
2729 2699 3047 2784 habitus
3075 2758 3106 2803 ,
3164 2707 3249 2783 ὅ(
3290 2693 3668 2811 exemplo
3712 2700 4057 2780 hostium
4099 2698 4244 2778 cir-

1478 2823 1874 2906 cumferre
1925 2818 2235 2904 bellum
2293 2826 2664 2927 cantus,
2704 2825 3065 2940 dispartit
3113 2827 3323 2909 vires
3348 2885 3376 2927 ,
3425 2851 3521 2907 ut
3562 2819 3811 2934 legati
3858 2823 4242 2937 praefeffl-

1475 2978 1631 3058 que
1659 2948 2011 3033 diversos
2036 2944 2266 3034 locos
2292 2950 2586 3062 pariter
2613 2950 3116 3035 invaderent:
3141 2946 3370 3032 simul
3396 2978 3669 3061 regem
3685 2951 4244 3033 Antiochum4
4299 2977 4343 3027 2
4361 2975 4415 3030 o

1473 3103 1811 3180 monet,
1868 3109 1912 3151 c<
1943 3076 2346 3189 proximas
2414 3072 2553 3159 fibi
2610 3077 3102 3192 praefefiiuras
3164 3104 3438 3193 petere
3474 3111 3562 3160 ιο.
3625 3079 3849 3162 Nam
3886 3073 4241 3161 'Pharas-

1472 3230 1749 3286 manes
1772 3261 1801 3305 ‚
1842 3201 2262 3284 interfefilo
2290 3196 2464 3286 filio
2492 3204 3057 3309 Rhadamisto,
3103 3239 3149 3280 «
3183 3204 3395 3314 quali
3432 3202 3847 3318 proditore
3874 3200 4034 3304 sui,
4073 3205 4237 3311 quo

1472 3325 1713 3411 fidem
1789 3328 1877 3408 in
1951 3356 2099 3409 nos
2158 3327 2569 3411 testaretur
2594 3387 2622 3434 ,
2700 3356 2930 3415 vetus
3009 3331 3379 3415 adversus
3459 3329 3886 3412 Armenios
3958 3327 4238 3411 odium

1473 3456 1921 3568 promptius
1971 3450 2420 3539 exercebat.
2464 3454 2868 3568 Tuncque
2915 3459 3264 3573 primum
3320 3451 3569 3538 illeai
3616 3453 3856 3540 Isichi
3899 3462 3989 3560 5,
4035 3481 4237 3565 gens

1549 3727 1571 3759 ⁸
1617 3721 1950 3783 anmu
1999 3725 2315 3799 nouom]
2363 3722 2438 3784 Id
2492 3721 2575 3786 est
2626 3722 2809 3801 primi
2887 3716 3269 3786 Frontinum
3316 3725 3437 3801 lv,
3491 3741 3555 3798 7.
3613 3742 3786 3789 num.
3841 3742 3901 3785 2.
3944 3719 4234 3782 Domitius

1467 3796 1856 3861 centurionis
1911 3798 2233 3880 dignitate.
2261 3800 2423 3866 Vide
2471 3820 2607 3880 quoe
2649 3800 2811 3866 dieta
2888 3799 3120 3862 Corbulo
3166 3800 3391 3863 dolabra
3486 3800 3546 3862 id
3582 3802 3655 3884 est
3698 3800 3980 3878 operibus,
4040 3798 4235 3880 liqstem

1468 3872 1609 3938 sunt
1647 3876 1872 3938 Annal.
1906 3879 1963 3938 Π
1988 3923 2009 3953 ,
2052 3898 2145 3938 11.
2886 3878 3213 3942 vincendum
3246 3882 3341 3962 effe
3385 3849 3620 3942 dicebat.

1544 3961 1572 3990 ²
1615 3953 1926 4017 Tui-mun
1971 3977 2180 4019 omens
2221 3979 2436 4021 nx‘rnA
2477 3962 2807 4036 vntum]
2968 3970 2996 4013 ὓ
3035 3962 3238 4021 Sunia
3272 3980 3581 4023 nonus
3636 3958 4069 4033 caraunus]
4114 3958 4232 4016 Ar-

1464 4028 1873 4119 Ut·socie·tate
1895 4033 1966 4095 &
1999 4038 2288 4098 contactu
2314 4034 2630 4115 indignos.
2663 4038 2806 4099 Haec
2885 4037 3242 4100 meniorum
3266 4037 3664 4115 aliorumque
3704 4035 4088 4116 populorum
4114 4032 4231 4098 fibi

1466 4125 1639 4195 enirn
1677 4108 1964 4199 militaris
2013 4132 2232 4190 poena,
2292 4113 2588 4204 ‘olimque
2630 4115 2805 4194 aspe-
2884 4114 3280 4181 addictorum
3310 4113 3656 4177 clientelas.

1464 4190 1589 4255 niis
1633 4204 1923 4254 exercita.
1972 4190 2151 4257 Teste
2206 4209 2375 4253 emm
2427 4191 2661 4264 Livio,
2707 4196 2803 4267 X,
2961 4200 2993 4239 ⁴
3032 4194 3264 4254 Rsoeu
3306 4194 3756 4270 Anrrocuuu]
3797 4189 4229 4265 Antiochum,

1463 4285 1527 4340 4.
1560 4263 1861 4343 Cohortes,
1901 4288 2018 4349 quoe
2048 4269 2224 4361 signa
2267 4268 2603 4347 antistet-ant,
2644 4288 2804 4330 extra
2886 4273 3330 4352 Commagenae
3388 4289 3603 4352 regem
3637 4318 3658 4348 ,
3715 4270 3792 4335 de
3848 4292 3978 4352 quo
4051 4269 4229 4352 supra

1463 4342 1668 4432 vallum
1728 4344 1866 4426 fine⁴
1906 4350 2160 4427 tentoriis
2209 4346 2492 4438 destitutas
2520 4395 2540 4422 ‚
2593 4348 2804 4409 invenit
2884 4370 3017 4429 cap.
3094 4395 3109 4410 .

1465 4420 1730 4513 dictator
1780 4425 2059 4489 Valerius
2101 4429 2428 4489 Maximus.
2480 4430 2803 4503 Quantum
2968 4439 2986 4485 5
3064 4449 3230 4490 srcm
3258 4429 3297 4503 J
3328 4427 3549 4509 Populi
3577 4428 3697 4492 soli
3722 4426 3953 4492 Tacito
3989 4446 4225 4491 memo-

1464 4499 1806 4582 discrplinae
1870 4505 2218 4569 austeritate
2263 4503 2604 4583 profecerit
2650 4509 2805 4570 Cor·
2880 4505 3023 4570 rati.
3065 4505 3377 4571 Videntur
3418 4524 3631 4571 tamen
3665 4507 4085 4571 occidentales
4122 4505 4223 4563 in·-

1460 4577 1616 4642 bulo
1666 4581 1854 4644 docet
1913 4584 2254 4648 Frontinus
2288 4632 2307 4655 ‚
2372 4586 2800 4666 strategemat.
2881 4602 2977 4648 ter
3021 4586 3092 4649 δε
3137 4584 3672 4666 septemtrionales
3715 4583 4023 4647 Armeniae
4063 4580 4220 4643 fines

1459 4656 1585 4745 We
1619 4679 1866 4720 2.nu1n.
1895 4660 2254 4737 3.Domitius
2271 4660 2542 4738 Corbulo,
2591 4662 2804 4724 duabus
2877 4663 3194 4727 habitaffe.
3253 4664 3460 4728 Plinio
3514 4666 3599 4726 vl
3626 4708 3643 4736 ,
3702 4685 3787 4737 4,
3833 4674 4222 4722 memoratur

1456 4729 1765 4811 legionibus
1785 4734 1846 4797 G·
1857 4741 2181 4821 pauciffimis
2216 4740 2482 4818 auxiliis,
2510 4741 2800 4883 dgciplind
2878 4744 3116 4806 flumen
3144 4741 3283 4818 llis,
3321 4743 3487 4804 unde
3529 4741 3695 4803 forte
3718 4737 3917 4818 gentis
3952 4756 4215 4801 nomen.

1457 4810 1695 4899 cqrreeld
1716 4860 1737 4889 ,
1759 4812 2082 4897 Parthos-fia
2131 4821 2287 4883 'nuic
2327 4823 2509 4884 Haud
2580 4821 2801 4884 luerim
2877 4819 2981 4901 Ists
3002 4870 3021 4894 ‚
3045 4841 3211 4883 nunc
3233 4820 3282 4879 le
3299 4818 3576 4892 Tchorole,
3609 4815 3819 4878 influit
3838 4815 3907 4876 in
3938 4818 4217 4880 Pontum

1460 4887 1691 4953 drittun
1757 4891 1985 4972 optimi
2093 4898 2222 4965 ucis
2284 4901 2456 4979 apud
2510 4901 2800 4967 eumdem
2876 4900 3188 4966 Euxinum
3215 4944 3237 4977 ,
3263 4895 3320 4958 la
3351 4894 3693 4976 Μθῒηθὶΐθι
3718 4896 3947 4963 onum
3977 4900 4218 4967 Venus·
