4975 6149
1483 474 1672 572 366
1857 456 2296 544 NOTAE
2400 452 2574 538 ET
2674 450 3879 579 EMENDATJIONES

1573 618 1725 694 Um
1759 632 2226 692 PnAnnTnAs
2259 633 2478 687 ‘rems
2527 615 2941 705 ouusTAs]
2982 608 3123 685 ΜΓ.
3165 608 3402 684 Vatic.
3449 614 3676 709 1958.
3708 615 3778 685 δε
3804 610 4281 689 PuteolanuS.

1480 719 1573 796 In
1619 714 1774 792 Mff.
1815 712 2050 789 vatic.
2108 713 2304 810 1863
2345 716 2415 786 δε
2461 714 2669 807 1864
2699 714 2843 787 telis
2879 692 3109 808 omiffis
3147 711 3399 808 onustas
3412 737 3440 799 3
3468 711 3667 786 unde
3703 709 4001 813 quidam
4032 734 4280 789 tenta-

1476 844 1652 897 vere
1720 817 1866 889 telis
1906 816 2255 911 omnigenis
2289 832 2415 888 aut
2467 813 2800 910 miffilibus
2834 811 3113 910 onustas.
3154 811 3301 886 Sed
3326 809 3597 888 frustra.
3634 811 3777 887 Pro
3826 814 3935 886 ubi
3985 813 4065 887 in
4118 813 4283 891 Mss.

1484 912 2584 1113 Ηῗξιυξίᾶῗίνὲζεωωὴκπ
2632 1020 2670 1106 ]
2707 1011 3031 1087 Pichena
3045 1035 3139 1086 ex
3169 1010 3306 1084 Ms.
3332 1009 3532 1085 Flor.
3553 1014 3625 1085 δε
3652 1006 4158 1086 Recentiores.
4184 1012 4274 1088 In

1478 1117 1615 1193 Ms.
1664 1115 1847 1218 Reg.
1875 1118 1950 1188 δε
1985 1111 2316 1187 editione
2346 1112 2681 1214 principe
2728 1138 2886 1212 quas
2920 1169 2941 1188 .
2981 1168 3000 1188 .
3036 1169 3053 1187 .
3080 1116 3535 1208 per-erraverit.
3581 1108 3744 1185 ΜΠ.
3800 1109 4011 1186 Harl.
4054 1111 4281 1193 Bodl.

1482 1217 1620 1299 Jes.
1673 1223 1749 1294 &
1784 1212 2227 1291 Puteolanus
2251 1267 2272 1305 ,
2308 1241 2466 1314 quas
2500 1270 2520 1289 .
2560 1266 2579 1287 .
2620 1269 2638 1287 .
2678 1218 3181 1308 pererraverint.

1589 1423 1805 1498 CAP.
1855 1418 2056 1494 XIV.
2114 1417 2434 1494 Hostes
2481 1439 2898 1492 „stanneam
2931 1422 2968 1509 ]
3017 1413 3133 1489 Ita
3170 1415 3327 1491 ΜΠ.
3365 1414 3575 1489 Harl.
3610 1414 3829 1493 Bodl.
3865 1415 4004 1494 Jes.
4037 1416 4274 1494 CorB.

1492 1531 1562 1602 δε
1601 1521 1966 1597 editiones
2002 1542 2258 1593 omnes
2303 1538 2611 1592 veteres.
2666 1515 2784 1590 (21.
2823 1513 3158 1590 Ernestus
3189 1517 3444 1614 hostem.

1587 1621 1825 1696 Roma
1871 1642 2174 1695 vrri-:RE
2223 1643 2458 1692 nuens
2501 1625 2538 1711 ]
2574 1614 2710 1691 Ms.
2750 1614 2936 1718 Reg.
2963 1620 3035 1691 δε
3067 1613 3532 1692 Puteolanus
3556 1616 3654 1690 In
3678 1615 3815 1692 Ms.
3850 1616 3992 1694 Jes.
4017 1612 4268 1693 Guelf.

1488 1720 1806 1820 Herbip.
1850 1726 1920 1794 δε
1952 1718 2282 1793 editione
2307 1716 2644 1817 principe
2681 1716 2981 1791 Romam.

1594 1824 1849 1917 Quon
1896 1843 2128 1894 uuum
2172 1840 2593 1903 RELIQUUM
2628 1822 2665 1909 ]
2716 1814 3159 1891 Puteolanus
3204 1818 3372 1916 quod
3412 1843 3610 1889 unum
3647 1841 3786 1892 erat
3826 1819 4173 1916 reliquum.

1585 1924 1870 1995 Menos
1926 1942 2101 1993 ‘run
2152 1923 2660 2010 rnffismnns]
2711 1915 2826 1990 Ita
2878 1941 3136 1994 omnes
3166 1915 3392 1993 ferme
3429 1916 3586 1992 ΜΠ.
3633 1922 3704 1992 &
3758 1915 4119 1993 editiones
4147 1941 4276 1996 veie

1485 2041 1696 2099 teres.
1740 2018 2063 2095 Pichena
2090 2042 2132 2090 e
2177 2015 2312 2090 Ms.
2359 2015 2559 2093 Flor.
2599 2017 2849 2095 Medos.

1593 2223 1810 2296 CAP.
1869 2218 2030 2293 XV.
2083 2219 2653 2292 Mr'rnmnnrns
2704 2215 3349 2310 Bospnonsnus]
3407 2219 3680 2293 Graecis
3739 2230 4123 2321 Βοσποριανός.
4188 2220 4279 2295 In

1488 2321 1647 2400 ΜΠ.
1695 2317 1934 2394 latinis
1975 2320 2444 2412 Bosphoranus.
2473 2314 2685 2386 Nihil
2738 2339 2919 2415 ergo
2977 2316 3409 2387 mutaverim
3451 2338 3534 2388 ut
3573 2316 3920 2390 scribatur
3964 2321 4282 2414 Bospora-

1492 2450 1647 2509 nus,
1689 2419 2023 2513 Bosporus.
2076 2415 2234 2503 sie,
2289 2413 2341 2487 fi
2391 2416 2823 2489 Graecorum
2875 2412 3040 2487 usus
3086 2412 3460 2489 obtineret
3488 2468 3509 2502 ‚
3567 2414 4027 2491 scribendum
4085 2417 4286 2491 foret

1494 2518 1953 2596 Mithradates.
1999 2514 2249 2588 Passim
2293 2514 2489 2587 enirn
2540 2513 2620 2586 in
2683 2512 2993 2587 nummis
3017 2535 3404 2588 ΒΑΣΙΛΕΩΣ
3459 2512 4010 2593 ΜῙΘΡΑΔΔΤΟὙ.
4066 2518 4282 2618 Saepe

1487 2618 1714 2695 etiarn
1751 2616 1831 2689 in
1871 2612 2028 2689 Mss.
2079 2612 2323 2688 latinis
2372 2614 2837 2687 Mithradates.

1590 2718 1857 2793 Amssn
1891 2738 2431 2791 coenovr-:RAT
2457 2720 2495 2807 ]
2525 2710 2636 2787 Ita
2662 2712 2822 2788 Mff.
2854 2712 3096 2790 Vatic.
3136 2721 3207 2790 δε
3227 2739 3318 2789 ex
3342 2713 3481 2787 usu
3494 2732 3774 2790 vetere.
3816 2713 3969 2787 Alii
4015 2714 4274 2815 Abitffe.

1601 2820 2076 2893 SmAconmu
2105 2839 2256 2888 mxx
2285 2822 2323 2908 ]
2360 2813 2752 2913 Perperam
2783 2812 2867 2886 in
2895 2813 3058 2889 Mss.
3081 2815 3533 2913 Syracusarum
3554 2841 3698 2890 rex.
3726 2812 3930 2892 Alias
3956 2815 4277 2918 populos

1495 2918 1668 2994 illos
1706 2934 1983 2991 vocant
2025 2915 2282 2987 Seracos
2309 2973 2329 3000 ,
2367 2922 2653 2987 Soracos.

1600 3019 2051 3114 Aonsonum
2088 3021 2391 3109 Genu]
2445 3010 2677 3087 Prave
2736 3012 3198 3113 appellantur
3236 3012 3313 3087 in
3367 3010 3529 3088 Mff.
3591 3012 3952 3113 Adhorfii,
3999 3014 4277 3116 Adotfi,

1492 3118 1802 3219 Advevfi.
1856 3116 2038 3192 Sunt
2076 3113 2274 3214 Aorfi
2312 3137 2501 3216 quos
2535 3136 2895 3190 memorat
2938 3113 3258 3204 Plinius,
3304 3111 3453 3205 Vl,
3508 3118 3629 3192 16.

1421 3291 1428 3300 ’
1586 3315 1803 3392 CAP.
1855 3315 2054 3391 xvr.
2104 3315 2201 3391 IN
2230 3315 2559 3392 smcos
2593 3338 2967 3394 maun-s
3007 3323 3044 3410 ]
3096 3315 3694 3416 Praepofitionem
3733 3315 4086 3391 omittunt
4111 3314 4278 3394 ΜΠ.

1497 3419 1740 3498 Vatic.
1818 3419 1966 3492 186
2025 3472 2042 3490 .
2095 3414 2279 3517 Reg.
2317 3421 2391 3490 ὃς
2431 3415 2799 3494 editiones
2844 3436 3180 3492 veteres:
3222 3417 3502 3492 habent
3546 3415 3703 3492 ΜΠ.
3758 3414 3995 3490 Vatic.
4068 3419 4283 3518 1864

1489 3529 1573 3598 ἀ
1625 3520 1823 3616 1958
1860 3521 1930 3591 δε
2021 3515 2455 3591 ecentiotes.

1599 3618 1999 3692 Caunus
2070 3624 2545 3712 nummus]
2582 3616 2738 3692 Mss.
2771 3615 2969 3692 Flot.
3000 3614 3240 3694 Vatic.
3276 3617 3386 3693 Re
3443 3675 3461 3693 .
3486 3620 3605 3693 Cl.
3648 3615 3987 3694 Ernestus
4010 3621 4083 3691 δε
4115 3614 4280 3690 Lal-

1502 3716 1797 3794 lemand
1823 3772 1845 3807 ,
1883 3718 2159 3790 cratibus
2191 3719 2266 3790 Ετ
2300 3722 2627 3792 vimentis.
2672 3715 2775 3790 At
2805 3723 3106 3790 vimentis
3135 3742 3288 3792 vox
3320 3743 3361 3793 e
3452 3717 3799 3794 Romanis
3827 3717 4107 3819 ignota.
4140 3715 4279 3791 Ms.

1493 3818 1733 3892 Cotb.
1791 3820 1860 3891 &
1895 3812 2129 3888 editio
2167 3816 2505 3917 princeps
2546 3819 2826 3890 cratibus
2854 3844 2930 3890 ac
2940 3822 3278 3918 jumentis.
3318 3816 3458 3893 Ms.
3507 3819 3694 3894 Bud.
3740 3820 4017 3892 cratibus
4043 3819 4279 3889 vinblis

1491 3945 1577 3990 ac
1635 3920 1958 3990 vimentis.
2006 3914 2166 3989 Mff.
2226 3914 2434 3990 Harl.
2479 3916 2697 3991 Bodl.
2746 3915 2885 3994 Jes.
2937 3923 3009 3992 δε
3061 3919 3505 3994 Puteolanus
3552 3921 3832 3993 cratibus
3865 3919 4133 4020 Jundis.
4186 3916 4281 3991 In

1489 4015 1707 4091 tanta
1774 4013 2206 4114 scriptorum
2259 4021 2330 4090 δε
2381 4015 2754 4092 editorum
2804 4016 3158 4093 librorum
3204 4018 3555 4094 varietate
3608 4020 3883 4120 opinor
3934 4015 4282 4092 Tacimm
4390 4081 4393 4086 .

1497 4115 1638 4192 scri
1699 4112 1841 4188 fiffe
1874 4119 2155 4189 cratibus
2180 4120 2503 4191 revinffls.
2534 4117 2655 4192 Sic
2693 4116 2932 4192 Caesar
2951 4120 3069 4207 ,de
3089 4119 3256 4190 Bell.
3279 4118 3475 4194 Gall.
3506 4120 3656 4194 VII
3675 4176 3697 4211 ‚
3737 4145 3828 4218 23
3860 4171 3881 4204 ‚
3909 4118 4011 4193 ait
4028 4141 4275 4192 muros

1509 4140 1896 4290 Gafforum
1949 4213 2266 4289 construi
2301 4216 2630 4292 trabibus
2661 4217 3030 4318 perpetuis
3075 4215 3355 4291 direffis
3403 4217 3484 4291 in
3516 4219 4063 4323 longitudinem
4087 4275 4108 4309 ‚
4142 4243 4281 4321 quae

1503 4320 1946 4390 revinciuntur
1973 4317 2282 4412 introrsus
2305 4372 2326 4404 ,
2357 4319 2434 4392 Gt
2476 4321 2681 4390 multo
2709 4327 2939 4416 aggere
2982 4317 3366 4416 vestiuntur.
3419 4320 3633 4397 Idem
3671 4321 3909 4397 Caesar
3941 4319 4096 4410 IV,
4158 4342 4189 4392 ι
4257 4371 4282 4392 .

1505 4437 1814 4516 pontem
1842 4417 2055 4517 supra
2085 4412 2424 4490 Rhenum
2474 4417 2853 4507 exstruxit,
2900 4419 3295 4516 bipedalibus
3340 4424 3628 4496 trabibus
3673 4420 3957 4518 immiffis
4003 4424 4072 4490 in
4126 4445 4284 4490 con-

1508 4524 1782 4590 trariam
1820 4542 2077 4613 partem
2125 4522 2451 4592 revinbiis.
2515 4524 2669 4592 Haec
2707 4518 2950 4593 άίνεᾶα
2992 4521 3267 4597 materiei
3312 4524 3551 4626 injeffti
3608 4522 4140 4605 contexebantur,
4198 4541 4280 4590 ac

1485 4618 1813 4718 longuriis
1863 4619 2258 4718 cratibusque
2306 4618 2878 4718 consternebantur.
3779 4622 3787 4630 ’

1601 4818 1816 4891 CAP.
1873 4817 2110 4895 XVII.
2163 4821 2531 4902 Pes-reno
2572 4830 2925 4921 msxnt]
2970 4822 3063 4900 In
3102 4821 3258 4899 ΜΠ.
3303 4828 3373 4898 δε
3406 4819 3775 4898 veteribus
3826 4813 4280 4893 editionibus

1496 4914 1834 5014 postremo.
1866 4916 2134 4994 Melius
2161 4924 2435 5019 postero.
