4975 6149
919 392 1572 485 ANNALIUM
1633 392 1981 483 LIBER
2044 393 2561 486 DECIMUS
2630 400 3200 515 QUARTUS.
3295 442 3456 514 191

659 558 1075 655 »confilio
1100 559 1346 672 quaeri
1368 615 1399 662 ,
1425 582 1566 647 aut
1590 555 1799 642 nihil
1834 559 2156 673 gravius
2194 560 2526 649 audenti
2557 623 2588 669 ,
2627 565 2868 680 quam
2907 572 3211 686 ignavo
3239 633 3270 679 ,
3310 606 3455 693 pa·
3505 605 3743 652 ἃ
3846 588 3858 598 ·

663 690 1106 782 »tiendum
1149 686 1307 772 effe
1332 720 1382 766 ³>
1403 747 1425 769 .
3505 683 3739 735 Αϋε*

790 819 1048 909 LIX.
1114 818 1310 903 SED
1367 808 1746 900 Plautum
1802 843 1899 898 ea
1944 843 2116 899 non
2152 814 2487 901 movere
2544 852 2562 902 ε
2617 819 2776 905 five
2835 810 3154 911 ¹nullam
3206 861 3452 945 opem
3538 782 3587 944 ,8
3602 793 3701 940 ’ἐξ

663 943 1151 1067 providebat
1180 943 1522 1029 inermis
1570 966 1809 1053 atque
1841 939 2071 1026 exsul
2096 972 2123 1041 ;
2174 944 2313 1028 scu
2359 944 2599 1032 taedio
2652 946 3042 1060 ambiguae
3082 955 3304 1068 spei3
3351 990 3455 1046 an
3567 924 3681 1045 ’σω

556 1109 608 1191 5
667 1104 945 1164 amore
978 1067 1357 1184 conjugis
1384 1077 1470 1156 ὅτ
1499 1067 1939 1155 liberorum
1966 1128 1997 1174 ,
2037 1069 2327 1182 quibus
2352 1069 2970 1186 placabiliorem
3015 1079 3193 1164 fore
3242 1084 3459 1167 Prin-

666 1205 940 1318 cipem
983 1197 1360 1302 rebatur,
1400 1194 1629 1280 nulla
1657 1194 2210 1284 sollicitudine
2244 1197 2682 1285 turbatum.
2710 1205 2966 1307 Sunt,
2990 1208 3127 1315 qui
3178 1241 3225 1285 «
3250 1207 3456 1298 alios

661 1360 774 1414 »a
800 1329 1091 1415 socero
1121 1326 1453 1410 nuntios
1478 1324 1780 1409 veniss'e
1801 1358 1847 1403 ›>
1886 1324 2148 1409 ferant
2169 1386 2200 1431 ,
2242 1359 2287 1404 «
2317 1350 2726 1437 tamquam
2772 1328 2982 1413 nihil
3028 1358 3262 1419 atrox
3312 1339 3455 1422 im-

667 1458 1078 1541 »mineret
1103 1480 1129 1550 3
1159 1452 1681 1562 dofiloresque
1736 1450 2136 1566 sapientiae
2172 1463 2194 1499 ¹
2230 1511 2261 1556 ,
2312 1452 2759 1538 Coeranum
2789 1458 3056 1542 Graeci
3072 1467 3134 1563 ²,
3162 1463 3455 1548 Muso-

665 1614 717 1687 ³².
733 1586 958 1667 nium
984 1580 1239 1665 Tusci
1297 1581 1616 1692 generis
1646 1588 1722 1682 ³,
1767 1581 2298 1665 constantiam
2346 1583 2850 1697 opperiendae
2895 1589 3231 1693 mortis,
3298 1620 3450 1705 pro

522 1745 549 1800 ι
572 1745 618 1799 0
666 1702 1043 1794 »incerta
1068 1716 1153 1792 ὃ(
1180 1702 1494 1821 trepida
1527 1698 1696 1791 vita
1731 1705 2034 1792 suafiffe
2063 1741 2109 1786 >2
2131 1770 2152 1791 .
2204 1708 2610 1821 Repertus
2651 1712 2760 1794 est
2787 1712 3007 1797 certe
3028 1771 3059 1817 ,
3113 1744 3257 1828 per
3284 1745 3447 1800 me-

666 1835 895 1919 dium
929 1835 1148 1938 diei,
1191 1834 1453 1918 nudus
1481 1892 1512 1938 ,
1539 1832 2065 1919 exercitando
2097 1835 2449 1950 corpori.
2502 1832 2796 1921 Talem
2846 1868 3032 1922 eum
3072 1845 3450 1928 centurio

662 1962 1147 2065 trucidavit,
1186 1991 1463 2047 coram
1486 1956 1942 2071 Pelagone,
1980 1961 2380 2076 spadone,
2428 1992 2670 2073 quem
2705 1966 2941 2050 Nero
2983 1971 3448 2053 centurioni

672 2095 760 2173 ὃ(
787 2085 1245 2202 manipulo,
1277 2089 1491 2199 quasi
1528 2083 2003 2172 satellitibus
2026 2090 2471 2171 ministrum
2498 2092 2813 2201 regium
2830 2151 2858 2194 ,
2887 2095 3448 2207 praeposuerat.

670 2214 959 2330 Caput‘
985 2214 1383 2299 interfecti
1434 2211 1826 2299 relatum:
1863 2211 2094 2324 cujus
2147 2214 2465 2329 aspefilu
2499 2221 2544 2317 .(
2570 2216 2739 2329 ipsa
2762 2219 3158 2332 Principis
3198 2219 3448 2305 verba

515 2375 547 2430 1
562 2372 605 2453 5
663 2342 1007 2428 referam
1036 2348 1125 2445 ⁴)
1174 2343 1465 2455 «Quin
1493 2376 1539 2420 >2
1558 2400 1587 2446 ,
1613 2342 1878 2453 inquit
1902 2400 1931 2445 ,
1986 2374 2033 2419 <r
2063 2344 2296 2426 Nero
2319 2397 2350 2444 ,
2402 2338 2765 2454 deposito
2805 2370 3031 2427 metu
3055 2402 3084 2447 ,
3126 2348 3447 2460 nuptias

664 2470 1087 2586 »Poppaeae
1115 2528 1146 2574 ,
1185 2467 1290 2553 ob
1333 2464 1732 2576 ejusmodi
1755 2494 2099 2554 terrores
2137 2465 2463 2570 dilatas,
2498 2488 2896 2554 maturare
2934 2496 3209 2585 parat,
3270 2473 3445 2555 Oc-

662 2600 1187 2709 »taviamque
1214 2593 1654 2709 conjugem
1681 2592 1998 2681 amoliri
2024 2656 2052 2700 ,
2090 2596 2455 2706 quamvis
2490 2597 2847 2681 modeste
2885 2624 3071 2708 agat
3096 2656 3130 2700 ,
3168 2605 3254 2682 ὅ(
3304 2629 3447 2683 no-

664 2726 946 2810 »mine
999 2726 1243 2839 patris
1294 2733 1380 2828 5,
1437 2731 1519 2808 ὅ(
1562 2722 1833 2808 studiis
1894 2721 2180 2838 populi
2215 2750 2548 2836 gravem
2578 2758 2624 2801 >2
2671 2728 2701 2804 ἓ
2736 2723 2901 2808 Sed
2941 2723 3043 2807 ad
3078 2723 3446 2808 senatum

658 2846 929 2936 literas
959 2852 1167 2934 mifit
1191 2909 1220 2954 ,
1270 2850 1369 2934 de
1405 2850 1621 2936 caede
1657 2847 1901 2935 Sullae
1924 2847 2348 2959 Plautique
2391 2849 2611 2933 haud
2649 2848 3048 2934 confessus
3084 2878 3110 2945 3
3158 2854 3442 2936 verum

509 3010 613 3066 20
679 3012 726 3058 α
759 2979 1170 3091 utriusque
1197 2976 1606 3064 turbidum
1634 2979 2054 3090 ingenium
2081 2975 2236 3058 esse
2261 3032 2292 3079 ,
2330 2981 2412 3058 ὅ(
2445 2973 2585 3058 fibi
2614 2970 3270 3061 incolumitatem
3298 2978 3445 3061 rei-

663 3139 711 3184 »
728 3101 1066 3219 publicae
1091 3101 1382 3218 magna
1408 3100 1600 3192 curii
1624 3103 1974 3188 haberi»
1995 3169 2016 3190 .
2045 3105 2419 3188 Decretae
2455 3134 2558 3190 eo
2583 3104 2918 3187 nomine
2961 3138 3008 3181 c<
3034 3104 3445 3220 supplica-

656 3235 985 3318 »tiones
1026 3292 1057 3338 ,
1098 3261 1349 3344 utque
1383 3230 1613 3319 Sulla
1650 3239 1736 3316 ὅ(
1775 3228 2104 3316 Plautus
2135 3232 2415 3315 senatu
2463 3256 3091 3333 moverentur»,
3129 3234 3448 3342 gravio-

660 3358 872 3447 ribus
907 3387 1184 3446 tamen
1210 3358 1572 3447 ludibriis
1595 3418 1629 3466 ,
1667 3356 1908 3471 quam
1930 3354 2162 3444 malis
2196 3355 2257 3406 ⁶·

744 3602 763 3633 ¹
809 3594 1284 3668 Docroxnsqua
1308 3593 1691 3670 summ-m]
1726 3559 2010 3658 Philoso-
2090 3592 2292 3661 daeos,
2317 3588 2571 3667 puniret
2615 3553 2817 3651 Nero.
2861 3584 3042 3650 Unde
3079 3586 3204 3667 ipse
3228 3586 3442 3651 Muso-

656 3668 813 3752 phos
835 3671 1110 3736 Stoicos.
2087 3671 2226 3733 nius
2254 3690 2291 3732 a
2312 3671 2576 3732 Nerone
2608 3667 2676 3728 in
2709 3666 2977 3728 insulam
3008 3669 3064 3730 G
3112 3686 3266 3729 aron
3283 3686 3441 3746 pro-

669 3783 672 3786 *
724 3760 755 3790 ²
800 3754 1138 3815 Caunum
1169 3751 1452 3827 Gnflcr]
1494 3749 1724 3818 Graecis
1752 3750 2004 3829 Χαίρωνος.
2085 3753 2277 3830 iectus
2318 3794 2339 3824 ,
2379 3747 2529 3811 teste
2578 3746 2808 3810 eodem
2854 3743 3035 3810 Philo
3116 3762 3223 3809 ato
3248 3743 3442 3835 „Vin

653 3827 970 3894 Laudatur
991 3829 1250 3894 aPlinio
1284 3829 1466 3912 interj
1489 3834 1792 3893 austures.
1840 3831 2006 3895 Vide
2086 3829 2395 3910 Apollon.
2441 3827 2556 3891 Vll
2599 3872 2620 3901 ,
2676 3830 2773 3887 16.
2831 3843 2908 3905 pa
2953 3870 2970 3886 .
3011 3846 3154 3903 297.
3238 3844 3303 3885 ui
3339 3823 3443 3886 hic

650 3907 1046 3973 Harduinum
1092 3909 1162 3971 in
1206 3909 1407 3973 Indic.
1462 3911 1715 3972 Austor.
1765 3908 2008 3971 Frustra
2086 3906 2447 3972 Mea-Anam&
2471 3905 2700 3985 Τυῤῥηνὶυ
2743 3843 3032 3982 appeffat.
3057 3905 3153 3966 De
3195 3903 3309 3967 ilo
3335 3903 3448 3966 ad-

649 4006 718 4051 er
760 4010 802 4052 o
840 3987 1219 4052 existimavit
1247 3986 1486 4068 Lipfius
1515 3988 1809 4051 eumdem
1838 3985 2005 4052 forte

651 4086 690 4128 e
738 4087 772 4129 e
805 4086 878 4131 ac
915 4068 1293 4145 Claranum,
1334 4071 1585 4131 Seneca}
1618 4064 2008 4145 condiscipu-

2086 3987 2208 4051 huc
2225 3984 2391 4047 infra
2411 3984 2641 4046 Annal.
2662 3985 2802 4058 XV,
2827 4003 2932 4063 71.

2164 4067 2559 4127 ⁴·ancn’ls
2596 4083 2816 4128 vanua
2865 4063 3216 4137 nuruum]
3257 4062 3444 4138 Juxta

655 4144 821 4218 lum,
845 4146 956 4227 qui
978 4145 1053 4206 ad
1071 4164 1253 4208 cetera
1274 4145 1668 4207 contemnenda
1686 4165 1721 4204 a
1739 4162 2009 4221 contemp-

652 4240 719 4283 tu
737 4223 833 4319 ,μ’
882 4226 1035 4286 venir
1058 4273 1079 4302 ,
1114 4230 1333 4317 §enea
1381 4225 1652 4316 Epistola
1686 4227 1818 4288 LX
1840 4229 1895 4291 V
1920 4226 1949 4286 1
1984 4272 2004 4303 ,

653 4303 1733 4485 ςαίΙῃΜυῐιιιεῖΞιτῐξίιςὲΓῐιὲἷειιὲεηωε]
1754 4385 1852 4445 ’Ὄι
1870 4395 2003 4463 φασι

648 4477 957 4524 nmmum
983 4462 1236 4542 ἇιθμΐπει
1268 4468 1619 4540 φιλοπφῖσσιι
1646 4507 1668 4535 ,
1705 4483 1859 4552 quem
1884 4483 2003 4523 ma·

648 4539 798 4598 xime
815 4539 1130 4602 mortalium
1137 4540 1465 4622 philoflaphid
1487 4539 1788 4622 excelluzffe
1820 4541 2002 4618 aiunt,

651 4617 998 4683 Philostrat.
1038 4620 1168 4685 Vit.
1214 4621 1520 4701 Apollon.
1562 4622 1672 4694 lv,
1717 4625 1820 4697 46.
1865 4637 2000 4699 pag.

657 4700 800 4773 187.
853 4702 1021 4761 Cum
1054 4699 1219 4780 apud
1255 4699 1550 4762 eumdem
1573 4697 2006 4762 Philostratum

552 4781 555 4784 ‘
645 4775 762 4848 lv,
796 4795 892 4856 35.
915 4797 1057 4858 pag.
1093 4784 1236 4857 176.
1278 4777 1588 4844 BaeCuau'ms
1631 4777 1896 4851 dicitur,
1938 4775 2005 4838 id

641 4870 732 4913 ne
762 4855 1024 4934 accipias
1052 4856 1131 4918 de
1158 4855 1391 4936 patria,
1416 4857 1522 4919 sed
1554 4858 1632 4921 de
1662 4853 2005 4918 studiorum

2085 4145 2401 4220 Dionem,
2438 4144 2640 4205 LXII.
2667 4162 2804 4222 pag.
2826 4161 2973 4221 707.
3020 4142 3198 4203 Nero
3235 4183 3256 4212 ,
3298 4138 3440 4199 viso

2086 4224 2285 4288 Plauti
2307 4222 2510 4303 capite
2532 4268 2552 4296 ,
2583 4220 2678 4285 -ait
2702 4267 2722 4298 ,
2762 4218 3065 4325 nesciebam
3092 4235 3354 4297 magnum
3387 4214 3443 4273 ei

2067 4303 2231 4385 fuzffi
2265 4304 2485 4382 nafllm,
2512 4305 2580 4365 ἐκ
2599 4300 2732 4370 ischa
2748 4345 2768 4375 ,
2804 4310 2901 4377 εφη
2928 4342 2948 4371 ,
2977 4299 3064 4357 ’ὅτι
3081 4294 3316 4380 mysiam
3334 4292 3445 4370 pi'm

2084 4382 2232 4475 εἶχεν.
2255 4384 2463 4473 Verba
2484 4370 2747 4470 Nerone
2773 4378 3003 4465 digna,
3025 4375 3128 4437 sed
3195 4393 3286 4433 uae
3310 4389 3443 4431 me·-

2084 4466 2207 4526 rito
2264 4459 2474 4525 onufit
2532 4459 2814 4521 Tacitus.
2873 4454 3049 4515 Alius
3106 4471 3140 4512 e
3239 4447 3438 4515 Aulus

2084 4538 2358 4604 Plautius
2372 4587 2391 4613 ,
2408 4536 2656 4616 juvenis
2673 4582 2693 4611 ‚
2717 4555 2754 4597 a
2775 4538 3036 4597 Nerone
3054 4526 3445 4604 interfectus,

2085 4621 2163 4684 de
2190 4639 2320 4702 quo
2337 4614 2674 4679 Suetonius
2705 4613 2774 4674 in
2799 4615 2949 4675 Ner.
2981 4611 3242 4700 XXXV.
3383 4687 3399 4703 ⁶

2169 4708 2189 4753 5
2235 4699 2507 4759 Nonum
2555 4695 2822 4767 Plu-ms]
2866 4687 3139 4750 Claudu.
3178 4690 3443 4752 Οᾶενια

2085 4776 2258 4839 enim
2299 4770 2552 4835 Claudii
2596 4771 2667 4833 &
2716 4766 3054 4832 Mess'alinae
3085 4764 3238 4830 filia.
3278 4768 3448 4833 Vide

2082 4858 2361 4919 Stemma
2390 4849 2698 4913 Coesarum
2729 4893 2750 4922 ,
2780 4867 2953 4911 num.
3005 4854 3102 4925 36,
3217 4881 3228 4896 ,

636 4935 1115 5016 genere,quod
1141 4934 1597 5018 philosophos,
1626 4933 1795 5019 quali
1820 4931 2006 4998 Chal-
2137 4934 2200 5011 ,⁶
2240 4934 2443 5009 Quam
2505 4945 2704 4992 naus
2743 4932 2782 5009 1
2835 4928 3110 5009 Haecque
3174 4925 3450 4991 ludibria
