4975 6149
974 433 1146 523 AD
1182 423 1642 522 LIBRUM
1663 385 2175 521 XVJANN.
2229 436 2326 523 c,
2377 437 3196 528 coRN.TAcrr1.
3328 476 3503 555 493

720 586 1025 669 Tacitus
1058 644 1079 679 ,
1125 587 1396 663 Annal.
1459 587 1634 675 XV,
1676 610 1807 690 45.
1872 592 2283 689 Conferendis
2318 598 2604 689 pecuniis
2641 595 3016 694 pervastata
3062 599 3309 686 Italia,
3348 625 3515 694 pro-

721 699 955 767 vincia
1000 692 1229 787 eversoe
1265 745 1288 778 ,
1312 691 1596 787 chiique
1641 692 1922 784 populi,
1966 694 2044 763 &⁶
2099 718 2235 790 quoe
2272 698 2618 764 civitatum
2664 697 2874 768 liberae
2929 721 3266 777 vocantur.
3315 705 3515 800 Inque

721 811 863 867 eam
896 792 1188 887 praedam
1243 795 1439 863 etiam
1484 791 1580 862 dii
1631 789 1886 886 affere,
1911 790 2216 886 spoliatis
2273 797 2340 863 in
2376 793 2545 865 Urbe
2580 797 2828 888 templis
2857 851 2877 884 ,
2937 797 3256 897 egestoque
3310 827 3506 891 auro,

726 892 893 994 quod
941 891 1331 988 ’triumplu‘ss
1383 890 1547 989 quod
1581 896 1786 976 votis,
1817 896 2018 962 omnis
2057 892 2284 987 populi
2317 893 2598 963 Romani
2626 916 2780 964 aetas
2801 897 3089 990 prospere
3128 922 3246 972 aut
3280 903 3348 970 in
3374 928 3513 972 me-

723 1017 798 1068 tu
828 994 1295 1088 sacraverat..
1325 1045 1346 1063 .
1379 999 1506 1063 Per
1551 988 1775 1086 Asiam
1821 990 2040 1064 etiam
2082 1015 2268 1091 atque
2316 995 2635 1064 Achaiam
2698 1019 2822 1064 non
2873 997 3040 1068 dona
3085 1000 3338 1070 tantum
3389 1001 3514 1096 sed

705 1092 1066 1191 fimulacra
1105 1096 1438 1162 numinum
1472 1087 1792 1188 abrepta.
1841 1089 2062 1165 Adde
2110 1089 2417 1164 maxima
2471 1090 2955 1192 impensarum
2995 1095 3508 1191 instrumenta,

725 1190 973 1292 operis
1011 1214 1279 1290 nempe
1332 1186 1703 1290 magistros
1732 1194 1801 1264 ὅ(
1829 1189 2360 1265 machinatores
2405 1191 2607 1266 fuiffe
2641 1191 2985 1267 Severum
3020 1202 3088 1270 &
3122 1197 3459 1275 Celerem
3480 1254 3504 1291 ,

726 1295 953 1392 quibus
979 1297 1307 1388 ingenium
1343 1292 1420 1363 θ’
1462 1291 1735 1364 audacia
1772 1314 1917 1363 erat
1937 1347 1960 1380 ,
2022 1296 2216 1364 etiam
2261 1316 2396 1391 quae
2431 1314 2671 1364 natura
2721 1294 3144 1395 denegavfft
3169 1358 3189 1384 ,
3236 1327 3354 1394 per
3387 1329 3507 1374 ar-

730 1415 861 1467 tem
897 1414 1142 1465 tentare
1166 1446 1188 1479 ,
1218 1391 1294 1462 &²
1330 1390 1582 1462 viribus
1616 1393 1933 1485 Principis
1963 1392 2270 1463 inludere.
2298 1390 2541 1464 Tacit.
2572 1391 2837 1465 Annal.
2881 1392 3012 1467 XV
3034 1450 3055 1483 ,
3104 1421 3231 1486 42.

829 1492 1233 1566 Automata
1261 1487 1401 1561 hac
1429 1510 1638 1566 aetate
1673 1489 1875 1564 fuisse
1906 1489 2450 1564 celebratiffima
2482 1488 2705 1565 docet
2732 1510 2886 1566 tum
2918 1495 3211 1570 cenatio
3237 1496 3361 1571 illa
3382 1524 3509 1575 ro·-

731 1591 962 1666 tunda
979 1645 998 1678 ‚
1027 1615 1180 1691 quae
1198 1610 1562 1687 perpetuo
1584 1610 1790 1663 motu
1808 1650 1824 1675 ,
1847 1588 2099 1663 mundi
2125 1589 2287 1663 vice
2310 1641 2330 1675 ,
2369 1589 3028 1691 circumagebant,
3057 1616 3212 1668 tum
3235 1597 3506 1673 Triton

722 1691 850 1765 ille
888 1710 1267 1792 argenteus
1293 1744 1312 1776 ‚
1347 1690 1471 1789 qui
1502 1689 1819 1763 Claudio
1863 1689 2201 1789 Principe
2227 1745 2248 1777 ,
2284 1714 2324 1763 e
2351 1688 2598 1763 medio
2639 1690 2803 1765 lacu
2854 1690 3138 1770 Fucino
3175 1721 3308 1795 per
3353 1724 3506 1772 rna-

722 1791 1015 1864 chinam
1061 1786 1340 1864 emerfit
1369 1844 1388 1877 ‚
1424 1795 1530 1879 &,
1585 1790 1920 1864 exciente
1961 1789 2308 1879 buccina.
2346 1789 2622 1864 navalis
2678 1788 2916 1891 proelii
2951 1790 3224 1895 iignum
3257 1795 3460 1871 dedit
3474 1824 3504 1888 3

724 1912 808 1966 ut
843 1889 1153 1964 vidimus
1176 1888 1385 1990 supra
1416 1890 1490 1963 in
1523 1888 1742 1964 Notis
1770 1896 1840 1964 δε
1879 1888 2531 1964 Emendationibus
2565 1889 2657 1964 ad
2691 1890 2960 1964 Annal.
3008 1895 3202 1983 XII,
3264 1898 3386 1995 56.

831 1989 1287 2075 SQUALEN‘rr
1307 1997 1640 2083 turona]
1671 1988 1864 2063 Male
1888 1989 2025 2063 Ms.
2051 1990 2225 2090 Agr.
2247 1993 2316 2063 &
2347 1987 2580 2065 editio
2602 1989 2965 2090 princeps,
2977 1997 3268 2093 fiquenti
3289 1999 3498 2071 litore.

724 2085 879 2168 Hic
918 2090 1114 2165 enirn
1142 2087 1543 2190 squalidum
1571 2089 1847 2164 aridum
1898 2115 1991 2163 ue
2018 2089 2228 2178 litus,
2262 2113 2417 2162 non
2465 2091 2645 2166 verb
2680 2088 2946 2190 sequax
2979 2148 2999 2180 ‚
3040 2117 3502 2172 memoratur.

739 2241 748 2248 -
836 2190 1239 2266 Coumxus
1293 2212 1420 2262 Es‘r
1453 2198 1491 2284 ]
1524 2188 1676 2266 Mff.
1708 2191 1864 2266 Har
1896 2241 1915 2265 .
1944 2188 2165 2265 Bodl.
2197 2187 2344 2265 Jes.
2366 2191 2692 2289 conniffies.
2715 2190 2805 2262 In
2834 2189 2987 2265 ΜΠ.
3018 2192 3225 2266 Harl.
3257 2219 3505 2269 ernen-

726 2289 975 2374 datum
999 2345 1024 2381 ‚
1062 2292 1374 2385 connisus.-

733 2529 742 2534 -
835 2490 1046 2571 CAP.
1097 2487 1363 2570 XLIII.
1426 2496 1634 2590 QuAE
1675 2502 2011 2591 nomm]
2059 2494 2194 2570 Ms.
2252 2489 2451 2572 Flor.
2500 2488 2826 2595 Ryckius
2880 2500 2950 2569 δε
2998 2488 3498 2571 Recentiores.

724 2590 1052 2668 Absurde
1085 2594 1163 2667 in
1189 2596 1554 2670 veteribus
1575 2594 2023 2671 editionibus
2047 2650 2066 2683 ‚
2098 2623 2237 2692 quae
2283 2597 2527 2668 domus.
2560 2593 2784 2669 Haud
2820 2595 3013 2669 enim
3065 2597 3314 2668 erefiae
3358 2594 3502 2668 do-

721 2719 879 2770 mus
899 2749 918 2782 ‚
1004 2719 1113 2769 uae
1140 2694 1580 2792 supererant.
1611 2695 1763 2769 Mss.
1797 2695 2016 2768 Bodl.
2045 2694 2250 2766 Harl.
2279 2695 2315 2770 J
2323 2694 2418 2768 es.
2436 2693 2678 2769 Guelf.
2709 2721 2847 2792 quae
2864 2694 3185 2768 domuum.
3215 2692 3305 2766 In
3321 2718 3501 2766 mar·

721 2792 895 2894 gine
1017 2793 1067 2865 s.
1093 2793 1302 2868 Harl.
1339 2796 1582 2865 domus.

731 2941 738 2948 -
820 2896 1094 2967 PAser
1139 2899 1504 2985 ERECTA]
1562 2889 1721 2965 Mss.
1757 2891 1965 2964 Harl.
2000 2886 2220 2964 Bodl.
2260 2887 2401 2963 Jes.
2463 2887 2710 2962 Guelf.
2771 2888 3003 2964 editio
3048 2888 3389 2989 princeps
3424 2895 3496 2965 &

720 2993 1187 3070 recentiores.
1227 2993 1668 3068 Puteolanus
1695 3047 1716 3081 ,
1748 2994 1984 3063 ereffae.

818 3096 1444 3186 Cofflm‘rAQun]
1498 3091 1653 3168 Mff.
1707 3095 1766 3166 F
1770 3091 1908 3166 lor.
1974 3086 2149 3193 Agr.
2216 3087 2449 3164 editio
2511 3087 2849 3189 princeps
2907 3094 2977 3161 &
3030 3085 3494 3162 recentiores.

717 3194 866 3286 Que
916 3193 1111 3270 abest
1156 3219 1200 3267 a
1229 3192 1386 3268 Mff.
1417 3191 1626 3266 Harl.
1658 3191 1877 3267 Bodl.
1898 3190 2034 3268 Jes.

819 3295 1319 3379 AanrsQun
1351 3300 1388 3389 ]
1440 3292 1743 3369 Mallem
1779 3319 2036 3394 quoque.
2066 3289 2223 3367 Jam
2251 3288 2450 3364 enim
2492 3288 2790 3376 dietum,
2820 3290 2927 3375 δυ’,
2972 3312 3084 3372 ac,
3158 3313 3257 3359 ue.

815 3392 969 3470 EAs
1000 3415 1380 3470 rom-rcus
1412 3402 1447 3489 ]
1483 3392 1597 3468 Ita
1617 3392 1777 3468 Mss.
1805 3392 2168 3469 editiones
2194 3410 2476 3466 veteres
2505 3395 2574 3465 δε
2600 3388 3065 3463 recentiores,
3135 3412 3185 3458 n
3208 3382 3492 3472 mediis,

715 3500 1144 3706 maizona
1187 3600 1490 3687 NAvns]
1524 3594 1640 3669 Ita
1687 3594 1841 3669 ΜΠ.
1890 3592 2088 3667 Flor.
2124 3586 2371 3668 Guelf.
2403 3588 2621 3665 Bodl.
2673 3587 3036 3699 editiones
3091 3604 3372 3659 veteres
3418 3588 3490 3659 &

719 3714 1188 3771 recentiores,
1231 3685 1663 3782 Rhenanus,
1717 3719 1928 3793 utque.
1988 3693 2108 3765 Sic
2194 3716 2440 3791 uoque
2498 3688 2959 3764 emendatum
2987 3712 3065 3758 in
3096 3683 3234 3757 Ms.
3273 3682 3496 3757 Bodl.

828 3796 1530 3887 SquECTAssENT]
1569 3793 1724 3868 Mss'.
1763 3792 1971 3867 Harl.
2019 3718 2234 3865 Bodl.
2269 3788 2405 3865 Jes.
2436 3788 2684 3864 Guelf.
2730 3786 2960 3863 Corb.
3012 3784 3396 3857 Rhenanus
3421 3790 3493 3856 &

719 3888 1216 3970 RecentioreS.
1251 3893 1536 3969 Vitiose
1570 3892 1648 3964 in
1677 3892 1810 3966 ΜΓ.
1849 3890 2046 3969 Flor.
2078 3896 2147 3965 &
2181 3888 2509 3965 editione
2538 3887 2873 3990 principe
2893 3943 2919 3978 ,
2938 3885 3246 3983 subvebla
3285 3882 3489 3979 effimt.

717 3990 1204 4085 Puteolanus,
1226 3996 1545 4092 subvebloe
1570 4022 1598 4065 e
1647 4016 1775 4066 ent.

828 4094 1325 4189 ALBANovE]
1366 4093 1562 4170 Male
1677 4093 2001 4167 henanus
2029 4144 2050 4179 ,
2093 4090 2500 4189 Albanoque.

831 4189 1155 4264 IGN-mus
1187 4216 1605 4270 mpnnvms
1651 4201 1853 4287 EST]
1897 4191 2056 4266 Mss.
2105 4189 2300 4266 Flor.
2354 4192 2539 4291 Reg.
2592 4185 2841 4264 Guelf.
2885 4183 3103 4261 Bodl.
3144 4180 3283 4260 Jes.
3336 4179 3490 4255 edi-

722 4286 962 4369 tiones
992 4311 1274 4365 veteres
1308 4297 1376 4364 &
1415 4296 1880 4370 recentiores.
1909 4290 2335 4383 Rhenanus,
2362 4296 2529 4388 igni.

822 4490 1040 4566 CAP.
1093 4488 1354 4564 XLIV.
1415 4489 1717 4563 Pru-m
1759 4516 1909 4565 nus
1964 4514 2307 4568 PIACULA
2355 4498 2392 4585 ]
2439 4491 2642 4564 Bene
2687 4483 2747 4561 J.
2815 4476 2897 4552 F.
2952 4473 3378 4552 Gronovius
3419 4479 3492 4549 δε

721 4590 1218 4666 RecentioreS.
1276 4586 1631 4663 Nondum
1676 4587 1858 4661 faeta
1899 4589 2114 4662 deam
2159 4592 2658 4689 placamenta,
2708 4579 2835 4657 sed
2882 4575 3168 4680 quaefita
3203 4598 3362 4677 qua:
3403 4574 3497 4647 iis

723 4690 986 4775 fierent
1026 4689 1354 4789 piacula,
1386 4686 1561 4762 aditi
1614 4713 1705 4762 ue
1749 4684 2039 4785 Sibyllae
2075 4686 2267 4762 libri.

834 4790 1329 4867 Pssosmzsum
1360 4797 1558 4883 Es‘r]
1653 4785 2066 4861 mendarum
2100 4786 2176 4857 in
2212 4785 2347 4858 Ms.
2386 4782 2593 4857 Harl.
2620 4779 2998 4875 perspersum
3053 4776 3162 4873 est.

827 4886 947 4966 Er
987 4912 1534 4969 serSTEssmA
1570 4895 1609 4985 ]
1642 4886 1754 4962 Ita
1797 4883 1954 4960 Mff.
1990 4884 2190 4961 Flor.
2226 4881 2409 4960 Bud.
2442 4878 2687 4956 Guelf.
2732 4876 3056 4979 Ryckius
3096 4884 3164 4952 δε
3210 4875 3495 4953 Recen-
