4975 6149
1483 461 1669 544 532
2309 419 3418 514 ANEGDOTA'

1480 589 1595 689 effe
1632 587 1978 659 convenit:
2026 586 2175 654 item
2212 582 2590 674 calefablam
2637 587 2843 682 magis
2885 581 3278 682 refrigerari.
4136 637 4139 640 2

1589 685 1655 757 A
1705 683 1947 757 studiis
1985 707 2142 757 non
2182 680 2654 758 illiberalibus
2702 680 2793 755 ad
2840 680 3060 756 malas
3101 680 3417 758 canendi
3455 701 3639 757 artes
3675 679 3975 758 deflexit
4007 681 4263 778 Nero,

1485 808 1803 896 curaque
1840 782 1978 856 fuit
2049 782 2516 881 Imperatoris
2577 781 2891 856 Romani
2963 806 3190 880 porro
3249 782 3524 855 sefflvo
3553 837 3573 870 ‚
3622 781 3903 874 plumbi
3941 783 4264 876 lamina,

1487 881 1760 959 cerens
1800 906 1890 957 ue
1933 880 2012 955 id
2050 906 2277 983 genus
2316 881 2633 958 inventis
2657 936 2683 971 ,
2728 905 2997 957 vocem
3035 879 3249 955 alere.
3299 879 3486 954 Plin.
3525 879 3699 954 XIX
3726 933 3757 973 ,-
3810 884 3882 959 6.
3920 883 4082 959 sest.
4132 905 4257 987 33‘.

1493 990 1564 1059 &
1604 981 1736 1056 XX
1807 980 1915 1056 IV
1946 1038 1966 1071 ‚
2021 986 2139 1056 18.

1497 1123 1504 1130 ·
1602 1082 1863 1157 Crevit
1901 1081 2250 1167 infamia3
2300 1106 2440 1156 nec
2484 1076 2725 1178 pudor
2768 1077 2906 1154 fuit
2937 1099 3243 1168 canere,
3293 1080 3620 1183 aurigare
3657 1080 3973 1181 publice.
4008 1079 4266 1157 Unde-

1492 1206 1779 1284 quaque
1805 1187 1872 1256 &
1893 1181 2430 1283 quoquomodo
2454 1200 2719 1279 paratae
2745 1177 2907 1254 sunt
2928 1205 3108 1279 opes
3131 1235 3153 1270 ‚
3181 1202 3263 1254 ut
3292 1179 3592 1282 dignum
3624 1183 3958 1282 Principe
3987 1182 4270 1280 speeta-

1496 1280 1742 1355 culum
1780 1279 2262 1355 instrueretur.
2292 1281 2423 1356 Vir
2453 1277 2850 1353 consularis
2876 1336 2898 1370 ,
2922 1282 3093 1353 cum
3136 1280 3482 1354 maximus
3519 1279 3688 1355 esset
3718 1280 3924 1356 luxus
3956 1282 4266 1356 murrhi-

1492 1406 1761 1457 norum
1796 1380 2136 1456 vasorum
2165 1436 2186 1470 ,
2235 1383 2412 1479 vasis
2442 1380 2616 1476 faits
2657 1379 2842 1452 d‘une
2874 1386 3091 1474 pierre
3122 1382 3438 1478 pre'cieuse
3480 1380 3780 1454 d’Orient
3825 1383 4211 1478 &fragiles
4236 1437 4262 1472 ,

1485 1481 1938 1556 murrhinum
1965 1506 2187 1555 unum
2231 1510 2397 1558 Lxx
2420 1482 2678 1554 talentis
2706 1533 2727 1567 ,
2756 1478 3064 1553 Gallicae
3103 1500 3419 1555 monetae
3439 1479 3639 1554 libris
3665 1485 3757 1579 38
3779 1486 3943 1569 1,›28
3962 1501 4030 1570 t,
4061 1498 4265 1556 eme-‘-

1488 1600 1643 1670 rat,
1687 1588 1901 1677 capaci
1935 1584 2129 1676 plane
2179 1582 2264 1653 ad
2294 1582 2621 1678 sextarios
2682 1602 2808 1652 tres
2864 1582 3080 1653 calice.
3133 1581 3310 1651 Idem
3367 1585 3436 1652 in
3501 1583 3763 1680 reliquis
3811 1588 4058 1677 generis
4128 1589 4262 1680 ejus

1485 1705 1799 1780 quantum
1839 1686 2173 1754 voraverit
2219 1684 2365 1753 licet
2403 1679 2769 1776 existimare
2813 1705 2897 1751 ex
2927 1681 3338 1752 multitudine
3368 1734 3389 1768 ,
3442 1706 3578 1779 quae
3621 1703 3817 1752 tanta
3826 1680 4017 1777 fuit,
4074 1705 4147 1752 ut
4188 1708 4262 1754 ea

1493 1781 1817 1877 auferente
1862 1783 2078 1853 liberis
2121 1787 2255 1880 ejus
2295 1785 2545 1855 Nerone
2602 1780 2939 1867 Domitio,
2992 1782 3312 1851 theatrum
3352 1783 3677 1876 peculiare
3744 1802 3924 1851 trans
3982 1783 4260 1855 Tiberim

1490 1882 1694 1952 hortis
1732 1879 2018 1978 expofita
2062 1903 2434 1976 occuparent
2460 1930 2482 1965 ‚
2533 1875 2722 1951 Plin.
2762 1876 3156 1966 XXXVII,
3211 1903 3283 1954 2.

1589 1978 1790 2054 Alias
1832 1981 2038 2075 visum
2084 1979 2171 2076 est
2218 1984 2494 2054 Neronis
2547 1978 2863 2072 Principis
2901 1978 3284 2074 speb'laculis
3354 2004 3616 2057 arenam
3680 1982 3833 2052 circi
3876 1979 4259 2076 chrysocolla

1477 2078 1686 2178 sterni
1715 2135 1739 2170 ,
1785 2081 1924 2152 cum
1968 2080 2094 2178 ipse
2133 2084 2444 2154 concolori
2474 2103 2693 2174 panno
2746 2083 3166 2176 aurigaturus
3224 2079 3362 2178 effer
3398 2134 3418 2162 ,
3486 2075 3757 2152 Plinius
3807 2132 3829 2167 ,
3890 2077 4257 2169 XXXIII,

1490 2201 1539 2280 5
1588 2275 1679 2352 In
1725 2278 1863 2354 hos
1902 2278 2063 2353 usus
2096 2300 2442 2356 vocatum
2477 2304 2774 2380 quoque
2808 2278 3180 2354 succinum
3210 2304 3235 2366 3
3283 2298 3705 2379 quantoque
3737 2274 4061 2376 sumptu!
4099 2275 4255 2353 Sex-

1488 2386 1686 2452 centis
1712 2380 1856 2475 fere
1912 2411 1998 2453 M.
2036 2381 2194 2476 paff.
2233 2384 2628 2452 aCarnunto
2675 2382 3022 2451 Pannoniae
3052 2433 3075 2468 ,
3127 2376 3401 2453 exstant
3431 2378 3791 2451 Carnunti
3827 2377 4077 2451 rudera
4124 2378 4251 2450 in·-

1490 2499 1603 2553 ter
1651 2476 2108 2580 Hainbourg.
2161 2485 2231 2553 &
2275 2475 2643 2552 Petronell
2672 2532 2694 2566 ,
2740 2477 2910 2575 abest
2955 2481 3108 2551 litus
3153 2479 3223 2551 id
3267 2479 3632 2550 Germania
3661 2532 3684 2567 ,
3728 2504 3811 2549 ex
3845 2504 3961 2577 quo
4006 2483 4251 2551 invehi·

1491 2603 1605 2651 tur
1647 2578 2015 2651 succinum
2051 2585 2513 2676 praecognitum
2558 2604 2781 2671 nuper.
2824 2578 3007 2651 Vidit
3053 2582 3221 2649 enim
3258 2605 3437 2677 eques
3481 2578 3810 2650 Romanus
3835 2630 3857 2665 ‚
3915 2578 4125 2676 miffus
4170 2578 4257 2650 ad

1493 2677 1567 2748 id
1605 2677 2096 2771 comparandum
2136 2704 2178 2749 a
2220 2678 2483 2749 Iuliano
2527 2701 2786 2749 curante
2826 2677 3296 2774 gladiatorium
3335 2703 3561 2750 munus
3591 2681 3862 2751 Neronis
3898 2680 4256 2773 Principis,

1493 2784 1606 2875 qui
1646 2778 1773 2848 haec
1820 2781 2188 2849 commercia
2241 2779 2316 2850 ἓν
2353 2779 2550 2849 litora
2584 2783 2968 2876 peragravit
2992 2829 3012 2862 ‚
3068 2780 3256 2851 tantd
3287 2777 3468 2872 copid
3507 2777 3761 2850 invedd
3786 2831 3812 2864 ,
3860 2800 3930 2847 ut
3963 2783 4129 2850 retia
4160 2804 4260 2850 ar-

1491 2875 1701 2948 cendis
1716 2876 1884 2971 feris
1906 2876 2172 2971 podium
2195 2882 2597 2974 protegentia
2612 2878 2873 2974 succino
2904 2877 3294 2951 nodarentur
3322 2906 3351 2947 .·
3395 2903 3578 2949 arma
3616 2882 3811 2963 vero,
3851 2877 3926 2948 fr
3956 2878 4253 2964 libitina,

1491 2976 1772 3074 totu-silue
1825 2981 2012 3047 unius
2068 2976 2195 3049 diei
2247 3000 2595 3072 apparatus
2638 3006 2670 3051 e
2716 3000 2779 3048 et
2821 3005 2851 3050 e
2881 2982 3165 3072 succino.
3218 2980 3597 3052 Maximum
3626 2977 3875 3072 pondus
3940 2980 3995 3049 is
4060 2978 4259 3076 glebae

1494 3078 1727 3149 attulit
1769 3104 1956 3151 χιιι
2004 3079 2317 3150 librarum
2346 3129 2368 3163 ‚
2417 3074 2604 3153 Plin.
2722 3076 3058 3166 XXVII,
3116 3101 3189 3173 3.

1591 3173 1790 3249 Cum
1827 3176 2132 3251 multum
2177 3175 2530 3276 temporis
2574 3176 2649 3250 in
2693 3176 3091 3290 speflandis
3131 3176 3616 3278 gladiatorum
3650 3175 3838 3251 Indis
3870 3174 4259 3253 insumeret

1493 3276 1743 3362 Ner0,
1789 3300 1883 3350 ne
1928 3275 2130 3351 oculi
2167 3275 2572 3351 laslitudine
2609 3273 3024 3352 fanscerent
3050 3333 3072 3368 ‚
3119 3302 3249 3352 eos
3301 3277 3521 3353 viridi
3562 3276 3862 3352 lenitate
3904 3276 4261 3378 smaragdi

1491 3373 1882 3449 recreabat.
1942 3377 2231 3467 Quorum
2282 3376 2477 3451 enim
2522 3377 3069 3479 smaragdorum·
3119 3405 3340 3474 corpus
3403 3380 3726 3474 extensum
3770 3376 3857 3474 est
3901 3429 3925 3466 ‚
3989 3378 4203 3451 eddom
4235 3433 4254 3460 ,

1492 3475 1623 3574 qud
1650 3476 1911 3569 specula
1938 3529 1960 3564 ,
2015 3482 2261 3551 ratione
2281 3479 2508 3572 supini
2556 3483 2865 3576 imagines
2929 3478 3223 3552 reddunt.
3265 3481 3438 3553 Nero
3481 3480 3774 3573 Princeps
3818 3477 4265 3575 gladiatorum

1482 3599 1740 3673 pugnas
1767 3576 2097 3671 spectabat
2118 3577 2470 3676 smaragdo
2501 3631 2523 3665 ,
2568 3573 2754 3650 Plin.
2804 3574 3148 3650 XXX'VII
3178 3634 3199 3668 ,
3257 3599 3325 3678 5.

1598 3673 1685 3745 In
1725 3694 1932 3749 tanto
1980 3674 2332 3776 Principis
2405 3675 2578 3750 luxu
2607 3731 2629 3766 ‚
2680 3675 2879 3750 haud
2921 3676 3146 3752 miror
3207 3700 3373 3750 eum
3399 3678 3649 3773 sceptra
3693 3677 3770 3751 ξφ
3810 3677 4106 3772 personas
4143 3677 4263 3775 hif-

1492 3778 1775 3871 trionum
1811 3777 1886 3848 fo·
1918 3777 2152 3850 cubilia
2188 3783 2510 3850 amatoria
2536 3838 2556 3864 ,
2604 3780 2935 3851 unionibus
2971 3775 3428 3852 construxisse
3454 3832 3476 3866 ,
3521 3778 3705 3851 Plin.
3740 3775 4093 3851 XXXVII
4118 3826 4152 3865 ‚›
4181 3803 4251 3852 2.

1595 3872 1735 3947 His
1777 3874 2155 3974 profecere
2185 3933 2205 3966 ‚
2259 3898 2381 3952 aut
2424 3875 2675 3976 potius
2707 3875 3125 3952 adulterata:
3181 3877 3345 3950 sunt
3376 3899 3579 3952 artes,
3649 3876 3843 3950 Tum
3878 3876 4070 3951 enim
4106 3899 4251 3949 coe-

1492 3969 1606 4068 pit
1649 3973 1922 4071 pistura
1966 3974 2043 4048 in
2093 3976 2327 4051 linteo
2361 4034 2382 4067 ‚
2431 3976 2599 4051 eum
2671 3998 2884 4053 antea
2954 3977 3154 4079 ligna
3218 3975 3498 4051 tantum
3561 3974 3917 4052 tabulaeve
3989 3974 4253 4076 pinge-

1493 4092 1784 4147 rentur:
1814 4094 1885 4148 at
1907 4072 2136 4149 statim
2159 4074 2434 4150 foedata
2463 4077 2754 4176 pieturae
2780 4076 3149 4153 nobilitas.
3179 4076 3427 4173 Nostrae
3447 4082 3656 4149 atatis
3678 4080 3991 4173 insaniam
4013 4101 4094 4149 ex
4107 4081 4255 4172 pic-

1492 4172 1648 4243 turd
1667 4196 1791 4243 non
1812 4179 2126 4245 omittam.
2157 4179 2327 4248 Nero
2355 4183 2650 4271 Princeps
2661 4181 2926 4278 jufferat
2948 4180 3268 4277 coloffeum
3279 4179 3356 4269 se
3370 4180 3557 4274 pingi
3595 4205 3763 4248 cxx
3779 4176 4013 4273 pedum
4041 4181 4111 4247 in
4138 4177 4256 4248 lin·

1493 4292 1593 4343 teo
1615 4324 1636 4357 ,
1668 4276 2060 4371 incognitum
2096 4274 2181 4347 ad
2202 4275 2309 4345 hoc
2333 4298 2598 4370 tempus.
2628 4280 2730 4348 Ea
2755 4278 3009 4371 pibiura
3036 4326 3055 4361 ,
3085 4274 3497 4368 cumperabla
3530 4276 3668 4370 effer
3690 4282 3760 4349 in
3780 4279 4076 4350 Ma‘t'anis
4105 4277 4259 4348 hor-

1489 4373 1578 4442 tis
1602 4424 1623 4458 ,
1681 4374 1931 4467 accensit
1958 4375 2243 4471 fulmine
2275 4401 2414 4445 cum
2455 4378 2696 4469 optima*
2732 4377 3057 4447 hortorum
3085 4398 3275 4470 parte
3305 4374 3759 4473 conflagravit.
3789 4377 4085 4448 Libertus
4106 4375 4254 4474 'ejus

1492 4470 1634 4541 ciem
1669 4471 1848 4546 daret
1876 4475 2066 4547 Antii
2094 4500 2317 4546 munus
2347 4474 2828 4575 gladiatorum,
2872 4476 3166 4571 publicas
3178 4479 3460 4571 porticus
3481 4474 3812 4572 investivit
3833 4475 4129 4571 pisturd,
4182 4495 4255 4546 ut

1486 4569 1741 4663 constat
1767 4626 1787 4658 ,
1831 4576 2267 4666 gladiatorum
2305 4572 2858 4677 ministrorumque
2901 4580 3185 4650 omnium
3237 4579 3407 4648 veris
3480 4577 3860 4675 imaginibus
3929 4574 4190 4649 redditis
4224 4627 4254 4664 ,

1497 4667 1683 4743 Plin.
1724 4670 2037 4761 XXXV,
2091 4699 2164 4770 7.
3760 4676 3763 4679 ’
3978 4734 3991 4745 ρ
4230 4714 4235 4725 -

1599 4768 1791 4843 Tum
1839 4797 2135 4874 quoque
2163 4831 2183 4864 ‚
2231 4780 2485 4851 Nerone
2518 4778 2811 4875 Principe
2835 4837 2854 4864 ,
2898 4780 2964 4849 in
3014 4775 3412 4872 Cappadocia!
3461 4798 3739 4871 repertus
3781 4774 3868 4872 est
3913 4777 4079 4870 lapis
4123 4772 4252 4846 du·-⁴

1491 4867 1655 4937 ritid
1702 4880 2035 4947 marmoris
2062 4935 2083 4963 ,
2134 4877 2438 4955 candidus
2483 4900 2673 4980 atque
2714 4878 3100 4977 translucens
3124 4931 3150 4973 ,
3194 4880 3389 4955 etiam
3425 4878 3552 4980 qud
3602 4898 3790 4975 parte
3825 4877 4044 4974 fulva
4092 4877 4253 4946 inci·-
