4975 6149
904 362 1564 458 ANNALIUM
1625 368 1970 460 LIBER
2031 368 2550 506 DECIMUS
2612 373 3136 465 TERTIUS.
3281 409 3310 462 1
3332 402 3438 486 ος

664 536 903 622 nimia
962 563 1225 649 nuper
1281 533 1748 618 coercendo
1798 530 2026 636 filio,
2080 535 2190 618 ita
2258 537 2568 617 rursum
2621 541 3252 653 intemperanter
3305 539 3445 624 de·

656 662 897 748 missa.
928 665 1135 775 Quae
1176 662 1533 744 mutatio
1568 689 1828 771 neque
1866 657 2289 744 Neronem
2326 659 2621 745 fefellit
2648 723 2675 765 ‚
2708 673 2792 748 ὃ(
2834 668 3186 778 proximi
3245 668 3441 750 ami·
3487 648 3717 801 Agg’gc‘

659 820 938 876 corum
976 783 1458 873 metuebant
1480 845 1511 890 ,
1544 784 2032 896 orabantque
2089 819 2134 861 «
2160 815 2446 869 cavere
2482 788 2798 872 infidias
2837 790 3194 876 mulieris
3230 791 3436 875 sem-
3529 857 3576 905 Ι.
3609 779 3677 904 C]

656 946 858 1031 »per
910 916 1262 1017 atrocis,
1301 940 1484 996 tum
1533 919 1624 999 ,δε
1684 908 2007 995 falsae».
2068 915 2137 997 F
2141 913 2315 995 orte
2367 908 2530 996 illis
2583 911 2862 996 diebus
2914 915 3220 1019 Caesar,
3269 919 3434 1000 ins-
3552 961 3659 1028 55.

557 1065 602 1142 5
662 1046 887 1156 petio
941 1066 1283 1141 ornatu,
1321 1067 1487 1148 quo
1522 1038 1991 1152 Principum
2036 1048 2057 1082 ¹
2113 1034 2503 1149 conjuges
2551 1069 2646 1122 ac
2694 1068 3061 1153 parentes
3114 1040 3436 1126 effulse-

658 1195 875 1273 rant,
918 1166 1204 1279 deligit
1240 1166 1542 1248 vestem
1584 1170 1669 1247 &c
1705 1191 2064 1274 gemmas
2095 1222 2124 1266 ,
2161 1163 2527 1274 misitque
2556 1164 2864 1248 donum
2900 1169 3178 1250 matri:
3209 1164 3438 1252 nulla

664 1289 1161 1408 parcimonia
1197 1300 1228 1335 ²
1253 1350 1283 1394 ‚
1332 1293 1519 1376 cum
1573 1291 1972 1405 praecipua
2018 1298 2102 1373 ὃ(
2165 1291 2439 1403 cupita
2493 1286 2719 1394 aliis,
2789 1294 3010 1406 prior
3060 1293 3435 1380 deferret.

666 1419 830 1504 Sed
891 1419 1337 1532 Agrippina
1418 1449 1465 1494 ‹<
1518 1439 1688 1498 non
1765 1417 1890 1497 his
1954 1416 2226 1496 instrui
2295 1412 2561 1499 cultus
2625 1416 2806 1501 suos
2841 1476 2871 1520 ‚
2936 1419 3077 1501 sed
3142 1423 3437 1506 ceteris

663 1547 973 1630 »arceri
1003 1579 1049 1620 i>
1091 1539 1541 1657 proclamat
1568 1600 1610 1643 ,Α
1640 1574 1685 1616 c<
1711 1547 1796 1623 ὃ(
1845 1540 2203 1624 dividere
2237 1539 2536 1644 filium,
2593 1573 2760 1651 quae
2801 1547 3083 1628 cuneta
3121 1574 3221 1628 ex
3261 1543 3435 1661 ipsa

516 1694 612 1749 io
658 1669 1051 1755 »haberet
1075 1703 1168 1751 >›.r
1203 1671 1391 1753 Nec
1432 1668 1760 1752 defuere
1793 1668 1932 1776 qui
1979 1669 2063 1748 in
2094 1666 2439 1751 deterius
2482 1667 2907 1767 preferrent.

780 1796 1041 1882 XIV.
1106 1793 1244 1876 ET
1281 1799 1369 1880 N
1382 1820 1564 1879 ERo
1590 1854 1618 1897 ,
1659 1792 2014 1894 infensus
2050 1795 2185 1895 iis,
2229 1791 2515 1902 quibus
2547 1794 2909 1908 superbia
2951 1792 3362 1881 muliebris
3397 1806 3426 1880 ,ἲ

658 1920 1200 2024 innitebatur,
1257 1920 1637 2005 demovet
1670 1915 2122 2004 Pallantem
2167 1915 2356 2003 curii
2384 1947 2652 2002 reruni
2679 1929 2760 2024 4,
2792 1921 2965 2032 quis
3004 1954 3048 2006 a
3079 1919 3433 2022 Claudio

659 2049 1070 2161 impositus
1091 2106 1124 2150 ,
1179 2043 1406 2132 velut
1457 2044 1841 2132 arbitrum
1904 2047 2137 2157 regni
2187 2044 2501 2156 agebat.
2567 2049 2636 2131 F
2639 2046 3161 2159 erebaturque
3193 2106 3222 2151 ,
3286 2049 3434 2132 de·-

654 2173 1066 2283 grediente
1105 2203 1246 2276 eo,
1272 2169 1566 2287 magna
1601 2168 2257 2287 prosequentium
2283 2168 2805 2255 multitudine
2830 2234 2860 2276 ,
2886 2203 3053 2255 non
3092 2170 3434 2257 absurde

508 2328 536 2382 i
556 2325 598 2405 5
660 2298 967 2383 dixiffe:
1000 2335 1047 2377 «
1071 2301 1199 2385 Ire
1220 2298 1714 2403 Pallantem,
1746 2326 1836 2382 ut
1857 2293 2200 2405 ejuraret
2231 2306 2323 2376 ς’»
2344 2361 2365 2381 .
2422 2299 2636 2382 Sane
2664 2302 3083 2413 pepigerat
3109 2294 3371 2382 Pallas
3392 2354 3429 2402 ,

670 2459 714 2501 «
743 2455 845 2509 ne
906 2423 1136 2533 cujus
1187 2428 1372 2510 faeti
1431 2429 1518 2509 in
1582 2428 2066 2542 praeteritum
2122 2427 2800 2536 interrogaretur,
2853 2410 3236 2538 paresque
3299 2455 3435 2507 ra-

653 2554 979 2637 »tiones
1034 2550 1070 2598 ⁶
1119 2584 1309 2640 cum
1359 2549 1774 2668 republica
1823 2549 2158 2636 haberet
2185 2575 2274 2633 >‘›.
2311 2553 2669 2666 Praeceps
2700 2553 2873 2665 post
2912 2553 3083 2634 haec
3123 2551 3435 2664 Agrip-

655 2679 879 2790 pina,
927 2707 1158 2763 ruere
1208 2684 1293 2763 in
1351 2705 1743 2762 terrorem
1805 2687 1889 2762 ὃ(
1961 2681 2271 2781 minas,
2339 2707 2599 2788 neque
2655 2678 3050 2790 Principis
3109 2675 3436 2761 auribus

660 2801 1083 2910 abstinere,
1131 2807 1559 2915 quominus
1622 2799 2038 2889 testaretur
2066 2827 2134 2907 ‚‘
2174 2837 2218 2879 «
2248 2800 2614 2887 adultum
2664 2799 2827 2912 jam
2884 2802 3039 2886 effe
3109 2802 3435 2885 Britan-

491 2953 626 3034 20,
664 2960 709 3004 »
729 2931 999 3012 uicum
1027 2988 1058 3034 ‚
1119 2962 1390 3017 veram
1456 2932 1943 3045 dignamque
2020 2932 2337 3044 stirpem
2401 2928 2914 3046 suscipiendo
2975 2930 3217 3044 patris
3286 2929 3435 3009 im·-

666 3087 714 3130 >2
730 3057 955 3167 perio
971 3114 998 3158 ,
1050 3058 1265 3168 quod
1325 3060 1596 3143 inlitus
1652 3066 1735 3143 ὅ(
1776 3057 2202 3173 adoptivus
2217 3118 2244 3163 ‚
2294 3086 2436 3171 per
2485 3052 2814 3164 injurias
2874 3058 3147 3139 matris
3199 3068 3443 3138 exer-

664 3209 968 3267 moeret.
1017 3186 1221 3268 Non
1271 3183 1621 3271 abnuere
1674 3184 1754 3267 se
1777 3244 1807 3288 ‚
1859 3186 2055 3297 quin
2107 3186 2392 3267 cuneta
2448 3182 2796 3266 infelicis
2871 3181 3154 3264 domus
3212 3175 3433 3264 mala

656 3338 702 3384 >2
717 3310 1223 3422 patefierent,
1251 3311 1398 3395 suae
1422 3314 1507 3394 in
1536 3313 1811 3427 primis
1843 3312 2135 3427 nuptiae
2154 3318 2185 3365 ⁷
2202 3368 2231 3416 ,
2249 3308 2480 3394 suum
2504 3307 3016 3394 veneficium.
3041 3303 3136 3388 Id
3160 3301 3430 3386 solum

2153 3536 2186 3577 4
2228 3529 2416 3591 Curtii
2479 3531 2748 3606 annun]
2786 3528 2840 3587 A
2886 3521 3237 3589 rationibus
3295 3535 3430 3586 erat

657 3602 906 3686 Augusti
927 3654 946 3682 ,
974 3608 1257 3683 Tiberii,
1293 3608 1481 3685 Caii,
1516 3607 1805 3682 Claudii,
1836 3629 2001 3671 con-
2074 3606 2302 3683 Pallas,
2346 3610 2605 3669 Sueton.
2647 3606 2715 3667 in
2747 3604 3294 3692 Claud.·XXVll1.
3343 3601 3430 3664 At

656 3688 837 3767 juges·
861 3704 935 3749 ac
970 3703 1255 3766 parentes
1276 3734 1296 3765 ,
1322 3707 1583 3769 quarum
1611 3686 1885 3767 supellex
1908 3688 2002 3751 in·
2076 3685 2209 3764 post
2229 3685 2483 3747 incestas
2512 3683 2867 3766 Agrippinae
2892 3685 2962 3747 &
2989 3682 3242 3746 Claudii
3271 3698 3435 3756 nup-

653 3781 749 3829 ter
789 3765 1229 3845 Imperatoriae
1269 3786 1440 3847 gazas
1482 3764 1940 3831 adservabatur.
2077 3763 2191 3828 tias
2233 3763 2354 3827 fuit
2389 3763 2567 3853 iselut
2615 3764 2829 3854 ‘regni‘
2857 3763 3124 3841 arbita-3
3179 3760 3431 3824 cuneta-

726 3852 752 3883 ²
796 3844 1027 3907 ΝυιιΑ
1094 3867 1503 3910 ΡΑιιειΜοιηΛ
1538 3846 1570 3920 ]
1619 3845 1764 3909 Haec
1815 3843 1998 3908 matri
2079 3864 2201 3924 que
2239 3844 2372 3906 e'us
2408 3861 2678 3921 imperio
2717 3848 2985 3906 aetitata.

654 3921 771 3985 suae
796 3921 1207 4002 elargiebatur
1242 3924 1417 3988 Nero
1467 3922 1643 3987 nulla
1687 3924 2001 4002 parcimo-
2160 3933 2179 3978 5
2225 3865 2329 3985 dr
2382 3925 2747 3999 EJURARBT]
2793 3922 2949 3984 Non
3001 3917 3230 3987 insulse
3267 3911 3433 4006 <lixit

654 4000 803 4072 nia,
857 4004 1161 4080 tantoque
1225 4003 1530 4081 ampliore
1582 4001 2000 4080 liberalitate,
2078 4001 2254 4064 Nero
2288 3999 2378 4062 ire
2401 3998 2864 4075 Pallantem,ut
2886 3998 3061 4078 regni
3094 3997 3432 4076 imperium

655 4077 832 4158 quod
869 4075 996 4156 ipse
1027 4078 1196 4157 prior
1217 4127 1238 4154 ,
1262 4095 1694 4160 necrogatuS,
1724 4101 1819 4144 res
1843 4101 1999 4160 prae·
2078 4078 2343 4157 ejuraret
2365 4123 2386 4154 ,
2433 4097 2642 4157 eoque
2682 4078 2740 4142 se
2782 4077 3123 4141 abdicaret.
3383 4145 3399 4158 ⁶

657 4154 865 4234 cipuas
909 4156 981 4218 &
1024 4155 1161 4219 aliis
1208 4157 1565 4239 Principum
1620 4159 1819 4236 conju
1863 4159 2001 4222 ibus
2155 4159 2186 4197 ⁶
2228 4159 2560 4229 pinusque
2615 4160 2981 4232 irai-iones]
3038 4158 3121 4218 Ut
3160 4198 3189 4239 ,⁰
3240 4146 3433 4236 112}th

658 4230 1095 4314 parentibusve
1137 4233 1372 4299 summe
1427 4235 1664 4316 cupitas
1714 4237 1791 4300 de
1824 4253 2002 4300 erret.
2080 4234 2512 4298 administratae
2551 4233 2640 4297 rei
2674 4233 3036 4297 nummariae
3079 4225 3434 4320 rationibuff
3488 4248 3491 4250 ·

617 4315 745 4393 *At
842 4309 1145 4372 roclamat
1203 4314 1258 4373 A
1299 4313 1540 4393 rippina
1591 4313 1791 4378 cultus
1865 4315 2002 4379 suos
2081 4313 2385 4390 redditis,
2433 4333 2607 4394 pares
2662 4330 2873 4379 tamen
2919 4329 3063 4374 cum
3111 4302 3434 4392 rePlelca

653 4388 753 4451 his
828 4386 973 4476 onis
1015 4407 1149 4477 non
1186 4332 1432 4462 infimi,
1472 4391 1574 4454 sed
1602 4392 1661 4456 se
1700 4413 1807 4473 per
1842 4391 2003 4457 hanc
2081 4406 2216 4454 tum
2274 4391 2565 4472 accepti,
2631 4408 2768 4456 tum
2801 4386 3051 4471 expenfi
3078 4431 3102 4463 ,
3156 4396 3435 4449 ratlones

654 4467 853 4559 ipsam
901 4465 1341 4555 liberalitatem
1391 4468 1609 4532 ceteris
1661 4472 2005 4551 Imperato-
2080 4468 2360 4533 haberet.

655 4546 764 4609 riis
797 4543 1096 4608 thesauris
1125 4545 1351 4622 arceri,
1395 4547 1463 4609 δι
1501 4546 1702 4609 filium
1740 4564 2004 4611 matrem
2156 4558 2184 4600 7
2227 4551 2365 4610 Sua
2431 4570 2498 4610 m
2556 4569 2779 4611 ramis
2832 4539 3124 4615 nuptiis]
3183 4534 3435 4602 Incesta

657 4623 818 4686 inter
892 4622 965 4690 δε
1029 4621 1285 4701 pellices
1335 4623 1623 4688 dividere
1656 4669 1676 4699 ,
1733 4646 1871 4706 quae
1926 4646 2005 4690 ex
2081 4625 2352 4703 nuptiae,
2390 4624 2469 4687 de
2504 4627 2728 4707 quibus
2753 4624 2986 4687 dietum
3016 4616 3245 4680 Annal.
3271 4616 3388 4676 XII
3414 4640 3441 4693 »⁷

741 3538 761 3567 ¹
809 3528 1226 3605 ancirtm]
1299 3529 1582 3594 Priorum
1641 3526 1999 3608 Principum

661 4700 784 4780 ipsi
823 4699 1100 4765 haberet.
1950 4779 1964 4793 ,
2088 4719 2125 4780 5
2140 4747 2159 4775 ‚
2190 4708 2229 4762 6
2261 4702 2332 4764 ὃ(
2352 4723 2412 4781 7·
2445 4703 2844 4796 Veneficium
2871 4744 2893 4774 ‚
2970 4719 3055 4762 uo
3086 4696 3447 4772 interemp-1

621 4882 626 4886 .
663 4781 1130 4937 Αὲῐίξῑέξέἓῗμ
1207 4782 1626 4861 numanus]
1704 4781 2009 4864 Superbia
2085 4792 2192 4936 ἓξ.
2217 4778 2302 4843 est
2341 4779 2645 4852 Claudius
2678 4831 2701 4868 ,
2746 4785 2893 4851 Anu
2957 4817 2977 4842 .
3024 4777 3184 4910 ΧΠ»,
3232 4777 3311 4837 66
3369 4770 3443 4838 ὃς

845 4942 925 5025 T
915 4972 1062 5029 om.
1096 4942 1212 5035 II.
3019 4942 3105 5025 Ο
