4975 6149
2029 457 2129 541 C.
2262 441 3083 536 CORNELII
3205 440 3784 529 TACITI

1492 482 1676 571 224

1200 664 1439 711 Ξ
1482 659 1651 743 quae
1691 621 1890 708 huic
1921 616 2119 702 Urbi
2162 647 2304 733 per
2338 609 2816 697 violentiam
2858 608 3173 719 ignium
3225 604 3743 709 acciderunt,
3787 601 4113 716 gravior
4150 629 4274 691 at·-

1207 744 1273 796 A.
1291 747 1354 795 U.
1375 746 1435 795 C.

1250 837 1398 911 817.

1254 953 1304 1002 J.
1336 952 1399 1000 C.

1271 1043 1378 1117 64·

1486 786 1641 869 que
1670 751 2050 838 atrocior.
2089 746 2424 828 Initium
2462 742 2547 822 in
2571 734 2669 820 ea
2715 760 2937 850 parte
2964 735 3189 818 Circi
3225 745 3247 779 ¹
3289 759 3559 816 ortum
3598 793 3626 837 ,
3675 762 3844 843 quae
3895 731 4272 817 Palatino

1488 879 1904 990 Caelioque
1932 869 2344 958 montibus
2386 867 2779 977 contigua
2804 865 2936 946 est.
2992 859 3154 944 Ubi
3196 890 3339 975 per
3372 858 3791 963 tabernas,
3845 858 4133 970 quibus
4181 856 4265 941 id

1486 1007 2109 1095 mercimonium
2134 1003 2391 1083 inerat
2421 1056 2450 1099 ,
2494 1022 2658 1104 quo
2697 991 3021 1075 flamma
3048 986 3330 1090 alitur,
3374 985 3606 1069 fimul
3648 1012 3968 1100 coeptus
3997 988 4205 1098 ignis
4235 1006 4269 1088 ,

1488 1148 1575 1224 &
1611 1138 1871 1220 statim
1923 1128 2293 1229 validus,
2358 1154 2453 1207 ac
2500 1143 2753 1203 vento
2814 1119 3067 1218 citus,
3119 1112 3721 1227 longitudinem
3754 1114 3979 1197 Circi
4016 1115 4265 1197 corri-
4357 1147 4429 1229 ‘5

1489 1266 1691 1383 puit.
1723 1266 2018 1371 Neque
2043 1257 2264 1341 enim
2294 1251 2583 1334 domus
2615 1244 3135 1328 munimentis
3163 1243 3396 1356 septae
3423 1300 3450 1344 ,
3500 1238 3637 1325 vel
3680 1235 3989 1355 templa
4018 1241 4264 1322 muris

1490 1394 1749 1479 cincta
1774 1448 1800 1492 ‚
1859 1412 1997 1471 aut
2026 1381 2218 1495 quid
2250 1376 2469 1462 aliud
2503 1403 2742 1458 morae
2770 1366 3324 1479 interjacebat.
3377 1371 3704 1482 Impetu
3742 1394 4266 1482 pervagatum

1489 1518 1962 1606 incendium
1990 1570 2018 1613 ,
2054 1506 2292 1623 plana
2328 1505 2675 1619 primum
2707 1507 2771 1602 ²,
2802 1498 3096 1615 deinde
3121 1499 3208 1578 in
3234 1496 3452 1580 edita
3482 1496 3959 1606 adsurgens,
3991 1501 4074 1577 &L
4103 1522 4263 1575 rur-

1491 1646 1622 1734 sus
1691 1642 2070 1725 inferiora
2108 1630 2581 1749 populando
2642 1630 2928 1712 anteiit
2989 1623 3342 1709 remedia
3385 1621 3825 1709 velocitate
3879 1617 4070 1704 mali
4096 1679 4124 1723 ,
4176 1626 4264 1703 ὃζ

1494 1765 1851 1856 obnoxia
1888 1763 2105 1855 Urbe
2135 1762 2360 1846 affitis
2411 1753 2832 1843 itineribus
2857 1815 2885 1859 ,
2942 1756 3269 1863 hucque
3296 1758 3379 1835 &
3409 1748 3610 1835 illuc
3649 1750 3878 1833 flexis
3915 1807 3942 1851 ,
4023 1774 4262 1857 atque
4331 1770 4446 1836 ια’

1492 1895 1957 1984 enormibus
2008 1892 2209 1976 vicis
2237 1947 2263 1991 ‚
2309 1883 2564 1997 qualis
2627 1910 2860 1967 vetus
2903 1882 3176 1965 Roma
3207 1878 3362 1962 fuit
3415 1889 3474 1962 ³.
3527 1876 3660 1962 Ad
3711 1879 3873 1961 hoc
3915 1873 4269 1958 lamenta

1494 2025 1963 2142 paventium
2010 2018 2490 2100 feminarum
2530 2071 2558 2115 ,
2614 2009 2803 2096 feffa
2852 2009 3133 2093 senum
3179 2032 3318 2091 aut
3367 2004 3586 2089 rudis
3630 2005 3986 2118 pueritiae
4029 2029 4206 2085 aetas
4234 2040 4269 2104 ,

1494 2155 1794 2262 quique
1821 2144 2001 2248 fibi,
2053 2145 2347 2253 quique
2376 2137 2551 2223 aliis
2579 2133 3150 2236 consulebant,
3206 2133 3400 2216 dum
3437 2133 3768 2215 trahunt
3813 2126 4212 2211 invalidos
4238 2183 4270 2230 ,

1495 2304 1634 2373 aut
1663 2276 2228 2389 opperiuntur,
2254 2296 2430 2380 pars
2460 2293 2782 2346 morans
2810 2322 2839 2363 ,
2870 2291 3044 2375 pars
3075 2260 3444 2341 festinans
3472 2317 3499 2358 ,
3550 2257 3835 2340 cuncta
3874 2255 4270 2367 impedie-

1494 2401 1693 2495 bant
1711 2435 1732 2491 ,ε
1764 2408 1846 2484 &
1878 2400 2076 2512 saepe
2101 2452 2127 2496 ‚
2178 2393 2369 2475 dum
2400 2394 2485 2472 in
2514 2416 2833 2500 tergum
2876 2386 3318 2499 respectant
3342 2443 3370 2487 ,
3422 2380 3801 2467 lateribus
3832 2407 3967 2465 aut
3995 2380 4267 2462 fronte
4340 2406 4368 2458 1
4389 2400 4445 2481 ς

1500 2520 2387 2620 circumveniebantur:
2428 2513 2601 2621 vel,
2629 2517 2681 2596 fi
2710 2517 2794 2597 in
2838 2514 3206 2629 proxima
3241 2510 3652 2597 evaserant
3675 2567 3704 2612 ,
3743 2504 3903 2590 illis
3943 2534 4268 2616 quoque

1498 2656 1673 2767 igni
1701 2653 2090 2765 correptis
2125 2706 2158 2751 ,,
2223 2648 2469 2731 etiam
2493 2706 2520 2747 ,
2557 2673 2738 2753 ,quae
2780 2639 3231 2753 longinqua
3272 2636 3820 2736 crediderant,
3863 2636 3949 2715 in
3976 2630 4270 2715 eodem

1500 2782 1689 2883 casu
1754 2773 2376 2893 reperiebantur.
2417 2772 2828 2856 Postremo
2880 2827 2908 2871 ,
2957 2767 3152 2876 quid
3206 2768 3604 2864 vitarent,
3657 2760 3849 2872 quid
3904 2772 4272 2873 peterent

1503 2907 1861 3020 ambigui
1886 2965 1915 3008 ,
1957 2896 2371 3014 complere
2394 2900 2563 2981 vias
2575 2956 2603 2999 ,
2642 2897 2876 2978 sterni
2903 2923 3043 3006 per
3089 2922 3321 3005 agros
3359 2926 3375 2973 ε
3416 2890 3739 3001 quidam
3771 2886 4051 2970 amissis
4094 2915 4270 2967 om-

1498 3034 1734 3140 nibus
1759 3032 2100 3118 fortunis
2124 3027 2389 3113 diurni
2414 3052 2734 3138 quoque
2760 3020 3009 3108 vifiifis
3027 3030 3095 3126 4,
3135 3018 3272 3104 alii
3299 3020 3628 3107 caritate
3657 3015 3981 3101 suorum
4010 3042 4268 3124 ,quos
4327 3043 4454 3102 20

1499 3165 1808 3294 eripere
1838 3160 2413 3280 nequiverant,
2463 3154 2828 3266 quamvis
2883 3174 3207 3265 patente
3240 3148 3589 3270 effugio,
3640 3144 4040 3227 interiere.
4079 3143 4271 3230 Nec‘
4382 3209 4386 3218 .

1499 3403 1752 3467 Dicente
1771 3403 2001 3484 quodam
2019 3401 2079 3462 in
2101 3402 2354 3481 sermone
2405 3397 2724 3473 communi,

1575 3524 1712 3597 Ἐμῧ
1750 3518 1967 3582 barinae
1989 3519 2122 3590 γαῖα
2148 3514 2387 3592 μιχθιῖτυ
2414 3512 2555 3592 πυρί.

1495 3633 1672 3694 Immo
1700 3680 1720 3709 ,
1765 3630 1987 3712 inquit,
2044 3635 2139 3705 ἔμέ
2189 3628 2388 3704 ζῶντος.
2438 3623 2720 3704 Planeque
2767 3621 2852 3683 ita

1480 3711 1629 3792 jecit
1651 3736 1671 3769 .·
1702 3729 1833 3769 nam
1861 3706 2009 3788 quast
2048 3706 2281 3788 offenfias
2324 3700 2669 3779 defbrrnitate
2696 3720 2853 3763 vete-

1497 3811 1621 3852 rum
1669 3787 2060 3868 aedzficiorum,
2122 3783 2184 3844 Cr·
2230 3781 2853 3866 angustiisflexurffque

1497 3869 1741 3947 agitaram
1802 3862 2050 3927 incendit
2091 3861 2292 3925 Urbem
2346 3881 2460 3922 tam
2500 3860 2734 3937 palam,
2793 3878 2854 3920 ut

1490 3947 1736 4027 plerique
1774 3942 2085 4023 confitlares
2105 3988 2125 4020 ,
2152 3940 2521 4002 cubicularios
2541 3940 2660 4018 ejus
2682 3986 2702 4015 ,
2732 3958 2855 3998 curn

1480 4027 1651 4108 stupa
1679 4020 1960 4102 toedaque,
1982 4021 2039 4082 in
2061 4018 2439 4155 Ρτιεᾱίἰςᾶβιὶς
2479 4017 2850 4097 depreheans‚

1496 4125 1606 4165 non
1663 4102 1957 4183 attigerint
2000 4125 2018 4160 e
2068 4099 2130 4160 ὓ·
2177 4119 2296 4178 quae
2336 4118 2425 4156 am
2458 4097 2655 4157 horrea
2701 4098 2851 4157 circa

1497 4183 1710 4244 domum
1752 4200 1979 4241 auream
2008 4227 2028 4255 ,
2128 4194 2315 4238 uorum
2329 4176 2578 4254 statium
2617 4174 2855 4235 maxime

1499 4259 1842 4344 desiderabat
1864 4304 1883 4332 ,
1917 4277 1976 4318 ut
2003 4199 2211 4317 bellicis
2231 4252 2850 4329 machinislabqfaelara

1499 4363 1667 4425 atque
1702 4341 2048 4479 igflammata
2079 4334 2203 4415 stnt
2234 4382 2254 4411 ,
2308 4330 2447 4413 qaod
2481 4332 2659 4412 saxeo
2702 4353 2851 4391 muro

1499 4421 1710 4503 qonstru
1765 4440 1799 4477 a
1834 4433 2015 4490 erant.
2060 4415 2294 4477 Eadem
2317 4412 2466 4500 vide
2503 4412 2668 4502 apud
2697 4410 2854 4474 Dio-

2922 4415 3094 4510 gendi
3108 4464 3129 4493 ,

2931 3406 3025 3456 ter
3050 3390 3307 3457 Circum
3344 3388 3691 3453 maximum
3732 3387 3804 3451 sc
3847 3395 4133 3448 montem
4151 3383 4275 3446 Pa.-

2930 3472 3199 3534 latinum
3261 3487 3660 3551 pervagatum
3719 3466 3800 3529 est
3860 3460 4275 3537 incendium,

2931 3551 3162 3614 deinde
3224 3550 3294 3613 in
3338 3548 3508 3614 edita
3574 3544 3810 3611 montis
3850 3538 4115 3612 Palatini
4165 3539 4275 3603 ad·

2929 3630 3214 3695 surrexit.

3012 3721 3032 3776 3,
3072 3714 3284 3773 Verus
3330 3709 3527 3775 Rom
3572 3708 3763 3782 ευιτ]
3809 3706 3938 3766 Cur
3972 3698 4106 3780 post
4129 3695 4288 3761 Gal-f

2929 3788 3123 3853 licum
3138 3788 3508 3854 incendium
3529 3790 3690 3850 arae
3707 3831 3725 3858 ,
3742 3783 4022 3845 flexuose
4045 3826 4065 3855 ‚
4085 3797 4276 3842 cnoro

2929 3868 3118 3932 miter
3159 3867 3460 3931 aedificata
3495 3863 3689 3928 fuerit
3718 3877 3896 3923 vetus
3925 3861 4129 3921 Roma
4153 3856 4277 3919 do-

2932 3963 3032 4010 cet
3052 3945 3314 4017 Livius,
3349 3952 3428 4020 V,
3476 3964 3572 4025 55.
3606 3938 3916 4018 antiquata
3945 3936 4066 4018 Iege
4088 3980 4108 4009 ‚
4148 3954 4274 4010 pro-

2928 4027 3122 4103 mzscue'
3175 4022 3321 4084 Urbs
3366 4019 3636 4101 aedificari
3663 4035 3864 4093 capta.
3910 4014 4124 4096 Tegula
4145 4033 4272 4150 Ju-

2928 4102 3064 4166 blice
3081 4100 3319 4179 proebita
3351 4122 3380 4160 e
3460 4123 3480 4157 .-
3548 4098 3645 4157 axi
3681 4096 3927 4157 materiae
3965 4116 4031 4155 ue
4063 4106 4141 4154 cae
4179 4113 4271 4154 en·-

2928 4179 3012 4241 dae
3034 4220 3054 4249 ‚
3094 4178 3238 4240 unde
3258 4179 3347 4259 qui
3373 4199 3469 4260 que
3497 4176 3660 4239 vellet
3688 4224 3707 4252 ,
3729 4175 3909 4256 jussa
3962 4194 4050 4234 um
4076 4199 4095 4231 .-
4117 4190 4274 4248 prae-

2928 4258 3086 4319 dibus
3127 4261 3373 4335 acceptis
3426 4279 3485 4320 eo
3546 4276 3693 4318 anno
3741 4253 3984 4335 aedificia
4015 4249 4288 4328 perfheiu-.

2929 4357 3037 4409 ros.
3101 4336 3398 4476 Feastinatio
3454 4357 3642 4397 curam
3691 4334 3892 4397 exemit
3949 4334 4100 4393 vicos
4134 4328 4275 4388 diri-

3201 4437 3290 4476 um
3326 4417 3498 4500 οιαὶ-Πὸ
3519 4415 3612 4496 sui
3654 4414 3922 4494 alienique
3943 4407 4277 4489 discrimine,

1500 4524 1690 4578 nem,
1714 4501 1910 4561 LXII.
1953 4516 2090 4578 pag.
2122 4490 2639 4572 708.Sulp1c1um
2664 4494 2852 4554 Seve-
2932 4518 2990 4557 m
3028 4517 3202 4557 vacuo
3243 4494 3550 4579 aedzficanr.
3588 4493 3678 4558 Ea
3703 4493 3775 4574 est
3811 4492 3973 4569 caufiz
4003 4535 4023 4564 ,
4071 4502 4131 4543 ut
4171 4503 4273 4543 ve·

1502 4579 1802 4656 rum‚11,
1855 4599 1959 4659 39.
1991 4571 2323 4646 orosium,
2356 4572 2469 4634 vll
2495 4617 2513 4644 ‚
2548 4591 2610 4650 7.

1583 4671 1601 4699 ¹
1649 4662 1718 4719 Iu
1766 4679 1843 4717 ΕΑ
1876 4676 2074 4732 PARTE
2105 4653 2290 4718 ancl
2319 4651 2365 4725 ]‚
2413 4647 2586 4711 Circi
2649 4647 2849 4711 maxi·

1499 4736 1634 4813 mi3
1678 4733 1785 4795 ubi
1823 4734 2150 4796 velabrum
2193 4746 2344 4793 erat.
2396 4729 2618 4792 Horat.
2651 4731 2846 4791 Serm.

1500 4813 1599 4890 11,
1630 4832 1684 4888 3.
1718 4830 1877 4872 verS.
1903 4832 2044 4884 229.

1870 4889 1991 4939 Cum
2024 4889 2227 4941 Velabro
2265 4905 2400 4941 omne
2428 4889 2696 4940 macellum·

2933 4596 3075 4637 teres
3111 4575 3312 4636 cioacoe
3339 4624 3358 4652 ,
3412 4575 3584 4653 prim&
3626 4593 3727 4648 per
3745 4570 4015 4646 publicum
4044 4560 4215 4623 dubloe
4247 4576 4275 4638 ,*

2931 4675 3079 4716 nunc
3135 4655 3363 4732 privata
3425 4652 3608 4734 paffim
3636 4649 3876 4729 fiebeant
3922 4641 4060 4704 testa
4092 4667 4111 4701 .·
4139 4638 4273 4717 for·
4389 4659 4395 4672 ’

2931 4755 3120 4827 maque
3164 4732 3330 4795 Urbis
3370 4733 3456 4815 fit
3509 4745 3785 4803 occupatoe
3836 4721 4020 4805 magis
4046 4764 4066 4796 ,
4109 4723 4275 4799 qua'm

2930 4813 3116 4893 dimsae
3132 4811 3360 4894 stmilis.

3006 4903 3037 4942 4
3078 4894 3312 4954 Dmnm
3367 4905 3623 4962 QUOQUE
3667 4904 3898 4956 vlcws
3936 4883 3969 4959 ]
4031 4881 4279 4957 Forte,

1576 4978 1609 5032 ,²
1648 4976 1864 5063 Eparia
1900 4998 2151 5066 Paruum
2176 4980 2208 5054 ]
2235 4979 2421 5052 Plana
2443 4979 2719 5064 primum
2753 4976 2846 5046 in-
2928 4971 3123 5047 diurno
3150 4989 3349 5052 quoque
3378 4964 3543 5034 vieta.

3862 5048 4280 5164 quisquam

4417 3227 4472 3272 Χ
