4975 6149
245 5595 260 5652 ..-

1041 402 1695 492 ANNALIUM
1756 396 2108 488 LIBER
2172 400 2687 504 DECIMUS
2757 408 3324 523 QUARTUS.
3418 445 3518 519 19
3534 435 3594 535 3?

796 594 1240 659 mutaretur
1261 625 1293 671 ,
1347 562 1785 681 provoluta
1814 560 2155 676 genibus
2177 560 2381 672 ejus:
2430 568 2695 650 «Non
2726 575 2826 653 eo
2855 570 3025 660 loci
3056 606 3177 659 res
3211 579 3381 663 suas
3409 581 3584 692 agi,
3626 612 3858 656 Ξ

795 726 947 783 »ut
972 697 1073 785 de
1101 695 1632 780 matrimonio
1673 718 1931 777 certet
1959 698 2485 802 (quamquam
2527 692 2609 776 id
2657 691 2797 776 fibi
2837 698 3003 783 vita
3038 707 3419 813 potius),
3446 706 3584 788 sed
3628 692 3766 741 Αϋ
3792 694 3855 743 C·

795 829 1115 910 »vitam
1167 822 1422 939 ipsam
1491 822 1578 902 in
1633 847 2084 904 extremum
2137 818 2559 903 adduaam
2599 850 2643 902 a
2699 817 3101 908 clientelis
3134 831 3582 917 &servitiis
3669 786 3819 947 ξιξ,

799 989 844 1031 2>
866 952 1267 1053 Oetaviae,
1308 978 1477 1059 qua:
1505 943 1761 1062 plebis
1792 958 1813 992 ¹
1847 946 1984 1030 fibi
2033 976 2336 1030 nornen
2374 945 2814 1031 indiderint
2840 1008 2867 1051 ,
2898 945 2993 1034 ea
3022 955 3108 1032 in
3139 984 3339 1066 pace
3370 960 3525 1041 ausi
3548 1018 3580 1063 ‚
3681 929 3792 1051 ξι.

697 1109 745 1190 5
801 1116 844 1159 2>
863 1110 1033 1191 quae
1060 1081 1201 1161 vix
1227 1072 1452 1160 bello
1490 1076 1933 1158 evenirent.
1965 1076 2215 1158 Arma
2249 1070 2390 1157 illa
2419 1073 2790 1158 adversus
2817 1076 3280 1191 Principem
3320 1083 3593 1200 sumpa

797 1233 942 1291 »ta
971 1240 988 1288 t
1023 1207 1318 1290 ducem
1341 1205 1659 1286 tanturn
1688 1200 2020 1285 defuisse
2044 1260 2071 1303 ,
2114 1203 2250 1311 qui
2276 1261 2304 1305 ‚
2337 1204 2583 1284 motis
2613 1199 2890 1307 rebus,
2920 1201 3161 1289 facile
3190 1211 3589 1321 reperire-2⁴

803 1360 1021 1418 ntur.
1058 1333 1503 1417 Omitteret
1543 1335 1574 1372 ²
1603 1328 1853 1413 modo
1873 1327 2402 1441 Campaniam
2425 1387 2454 1431 ‚
2490 1336 2572 1411 ὃ(
2613 1329 2696 1409 in
2736 1327 3036 1413 Urbem
3097 1333 3347 1445 ipsam
3399 1367 3582 1450 per-

807 1485 1097 1571 »geret
1122 1516 1150 1561 ,
1211 1457 1311 1541 ad
1361 1451 1592 1561 cujus
1644 1481 1935 1539 nutum
1983 1451 2328 1538 absentis
2382 1449 2777 1539 tumultus
2822 1458 3247 1541 cierentur.
3327 1464 3595 1573 Quod*

807 1583 1232 1696 »alioquin
1263 1583 1493 1665 suum
1530 1580 1912 1667 defletum
1943 1584 1971 1661 ἓ
2003 1609 2242 1690 quam
2283 1577 2753 1690 cujusquam
2791 1584 3320 1669 offensionem
3349 1592 3375 1667 ?
3403 1592 3582 1694 An,

651 1747 751 1804 10
807 1748 852 1791 2>
870 1714 1057 1823 quia
1086 1739 1356 1796 veram
1380 1711 1856 1824 progeniem
1887 1705 2309 1822 penatibus
2336 1706 2734 1791 Caesarum
2788 1710 3066 1795 datura
3115 1712 3206 1794 sit
3240 1773 3268 1817 ,
3333 1713 3582 1800 malle

804 1833 1270 1954 »populum
1317 1838 1788 1922 Romanum
1823 1834 2183 1920 tibicinis
2225 1835 2602 1948 AEgyptii
2637 1833 3004 1920 subolem
3039 1840 3576 1952 Imperatorio

807 1963 1189 2077 »fastigio
1233 1963 1559 2048 induci?
1606 1964 2033 2071 Denique,
2063 1960 2228 2044 fiid
2267 1958 2502 2044 rebus
2536 1961 2984 2068 conducat,
3008 1960 3310 2069 libens,
3339 1966 3585 2078 quam,

811 2094 1206 2176 »coafiius
1221 2150 1251 2195 ,
1311 2093 1611 2175 acciret
1645 2090 2062 2174 dominam
2086 2145 2115 2191 ,
2169 2082 2305 2171 vel
2370 2083 2827 2171 consuleret
2900 2089 3305 2174 securitati
3381 2090 3583 2199 justa
3661 2172 3669 2177 .

806 2216 1213 2302 »ultione
1255 2216 1361 2301 Et
1390 2218 1733 2302 modicis
1757 2215 2132 2321 remediis
2159 2273 2187 2316 ,
2226 2214 2529 2327 primos
2576 2240 2845 2298 motus
2878 2206 3316 2300 consediss‘e
3363 2250 3380 2297 z
3437 2246 3518 2302 at
3547 2239 3585 2322 ,'

645 2370 676 2437 ι
698 2368 743 2448 5
805 2346 924 2427 »fi
978 2344 1396 2461 desperent
1451 2373 1794 2430 uxorem
1844 2342 2202 2430 Neronis
2259 2339 2436 2426 fore
2479 2342 2901 2426 Ofi'taviam
2942 2402 2974 2447 ‚
3033 2337 3158 2427 illi
3201 2345 3581 2429 maritum

804 2472 1196 2558 »daturos
1231 2509 1273 2549 ι)
1296 2536 1316 2557 .

928 2599 1231 2684 LXII.
1296 2603 1682 2687 VARms
1735 2601 2000 2686 sermo
2021 2660 2052 2706 ,
2103 2590 2190 2687 δε
2235 2599 2336 2686 ad
2364 2623 2672 2685 metum
2710 2622 2949 2711 atque
2991 2586 3190 2684 iram
3248 2628 3582 2686 accom-

808 2726 1180 2811 modatus
1207 2787 1235 2830 ,
1291 2732 1577 2814 terruit
1625 2724 1857 2810 simul
1899 2728 2360 2813 audientem
2402 2788 2430 2831 ,
2487 2735 2571 2812 &
2621 2726 3023 2813 accendit.
3081 2725 3242 2809 Sed
3299 2756 3586 2839 parum

807 2850 1128 2937 valebat
1180 2853 1527 2967 suspicio
1583 2857 1668 2938 in
1718 2855 1949 2940 servo
1990 2915 2018 2958 ,
2081 2863 2163 2939 ὃ(
2213 2851 2770 2966 quaestionibus
2833 2849 3310 2936 ancillarum
3362 2849 3588 2937 elusa

635 3003 752 3057 20
813 3004 1009 3063 erat.
1056 2977 1277 3090 Ergo
1305 2980 1876 3065 confessionem
1906 2977 2262 3089 ‚alicujus
2309 2983 2548 3096 quaeri
2580 2978 2892 3096 placet,
2932 2981 3066 3063 cui
3090 3007 3353 3061 rerum
3380 3007 3586 3091 quo-

811 3132 969 3217 que
1010 3135 1410 3191 novarum
1458 3110 1766 3191 crimen
1824 3110 2383 3222 adfingeretur.
2430 3109 2538 3192 Et
2576 3109 2788 3192 visus
2827 3105 3166 3192 idoneus
3207 3131 3581 3189 maternae

707 3239 714 3242 ’
807 3234 1032 3317 necis
1056 3258 1412 3347 patrator
1442 3243 1501 3338 ³,
1529 3235 1924 3322 Anicetus
1948 3295 1976 3339 ,
2008 3232 2221 3321 classi
2253 3236 2466 3351 apud
2495 3234 2907 3318 Misenum
2930 3291 2959 3337 ,
2989 3259 3079 3316 ut
3104 3233 3589 3332 memoravi‚·

805 3360 1208 3472 praefeEtus
1224 3419 1252 3463 ,
1282 3357 1446 3443 levi
1478 3361 1650 3476 post
1675 3361 2094 3447 admissum
2129 3360 2390 3448 scelus
2413 3355 2667 3475 gratia
2682 3421 2709 3466 ,
2736 3361 2923 3444 dein
2952 3359 3318 3470 graviore
3346 3354 3581 3438 odio:

809 3487 993 3595 quia
1023 3482 1417 3572 malorum
1450 3489 1911 3574 facinorum
1941 3491 2276 3572 ministri
2321 3490 2533 3602 quasi
2561 3485 3132 3603 exprobrantes
3177 3483 3587 3597 aspiciun-

651 3633 745 3714 25
806 3636 958 3698 tur.
1020 3614 1280 3726 Igitur
1342 3618 1695 3700 accitum
1741 3646 1932 3702 eum
1980 3617 2239 3700 Caesar
2296 3651 2342 3695 (ι
2402 3645 2662 3732 operae
2722 3614 3009 3728 prioris
3071 3646 3116 3689 >2
3175 3610 3589 3695 admonet.

881 3843 901 3874 ¹
950 3836 1108 3912 Qus
1147 3837 1415 3925 ytalus]
1448 3839 1607 3928 Quat
1632 3836 1833 3916 plebis
1865 3839 2153 3930 §.J-rbanae,
2228 3837 2529 3903 deliaum
2549 3838 2575 3898 ἲ
2597 3839 2809 3927 Quem
2837 3831 3107 3923 offendit
3129 3833 3155 3893 3
3179 3827 3452 3912 An‚quia
3481 3847 3617 3891 ve-·

803 3914 2156 4076 sanes?5³131223¹2¹2322322¹²‚fib52223‡3153
2228 3909 3455 4074 {3251325235.“123333²32”35352533
3474 3907 3598 4049 33:

805 4068 940 4132 Ast.
982 4070 1108 4144 111,
1142 4077 1285 4151 675.
2230 4074 2361 4139 ceri
2402 4122 2423 4151 ‚
2457 4072 2740 4137 tibicinis
2798 4066 3255 4140 Alexandrini,
3303 4065 3599 4130 sobolem

937 4177 1037 4229 Ubi
1058 4180 1256 4232 Romani
1285 4184 1359 4234 vis
1402 4184 1464 4248 eft
1493 4189 1696 4254 populi?
2231 4149 2924 4243 Imperatorio-fastigio
2976 4145 3219 4209 induci.
3253 4144 3551 4233 Denique
3574 4182 3600 4212 ‚

939 4246 1110 4312 Fregit
1129 4248 1282 4298 claros
1301 4268 1401 4317 qnae
1419 4251 1542 4318 sepe
1567 4256 1703 4306 duces
1721 4272 1746 4318 ,-
2233 4233 2276 4296 fi
2311 4233 2377 4294 id
2405 4231 2767 4313 reipubltcae
2809 4227 3126 4315 conducat
3165 4268 3185 4295 ,
3228 4221 3438 4312 libens
3471 4239 3599 4297 po·-

935 4312 1091 4364 Dedit
1111 4313 1300 4365 ‘'²²¹4stae
1329 4319 1462 4383 leges
1478 4321 1645 4383 patriae
1666 4358 1684 4378 ‚
2233 4312 2354 4375 ti'us
2376 4356 2396 4387 ‚
2434 4314 2623 4393 quim
2654 4310 2900 4371 coaetus
2932 4314 3165 4365 acciret
3194 4299 3535 4360 dominam
3576 4337 3602 4366 ‚

933 4379 1106 4444 Fasces
1133 4382 1294 4447 dignis
1323 4382 1501 4434 civibus
1524 4388 1670 4446 caim,-
2233 4390 2340 4453 vel
2391 4386 2703 4454 securitati
2752 4383 2902 4461 iusti
2928 4378 3179 4441 ultione
3213 4375 3607 4437 consuleret.
3640 4409 3643 4414 >

930 4446 1069 4513 Juffit
1090 4446 1266 4499 bellum
1280 4466 1582 4528 ‘pacemquu
1609 4454 1748 4517 feras
2235 4468 2474 4532 Primos
2504 4466 2767 4548 quidem
2805 4473 3014 4519 motus
3069 4450 3354 4514 modicis
3396 4470 3608 4515 teme-

931 4515 1114 4568 Gentes
1133 4516 1313 4569 dommt
1329 4535 1352 4578 ;
1394 4535 1550 4585 captos
1568 4535 1708 4598 reges
2238 4547 2353 4609 diis
2383 4548 2628 4610 sedatos
2651 4535 2831 4601 fuisse
2862 4556 2878 4594 t
2906 4547 2971 4594 at
2993 4526 3279 4592 OCtaviae
3305 4530 3615 4594 maritum

1067 4584 1282 4636 carcere
1313 4584 1461 4649 clufit.
2239 4626 2489 4689 daturos
2509 4671 2530 4699 ,
2556 4620 2606 4683 fi
2635 4617 2816 4679 illam
2847 4604 3127 4672 Neronis
3152 4625 3445 4672 uxorem
3472 4606 3621 4670 fore

853 4741 860 4746 .
878 4692 906 4724 ²
931 4686 1373 4775 ‚Omnem-r]
1393 4690 1738 4781 omitteret
1758 4691 1957 4756 modo
1981 4691 2165 4753 Cam·
2239 4695 2740 4781 desperaverint.
3569 4758 3584 4773 ,

806 4779 1048 4851 pan-iam
1071 4807 1089 4836 ‚
1115 4784 1184 4825 m
1207 4767 1442 4830 Urbem
1476 4769 1673 4850 ipsam
1707 4785 1997 4852 pergeret
2042 4772 2167 4833 Oc-
2320 4789 2341 4832 3
2392 4778 2736 4840 Meu-nuum
2775 4781 2951 4827 »tems
2980 4780 3353 4853 earnm-on
3385 4766 3417 4838 ]
3465 4763 3628 4848 Am?

806 4854 1015 4914 fflVla»
1056 4842 1136 4904 ad
1163 4844 1337 4921 cujus
1373 4848 1644 4913 absentis
1668 4865 1893 4912 nutum
1926 4848 2171 4917 tumul·
2244 4872 2449 4929 cetus,
2478 4847 2855 4915 interfeaot
2880 4844 2933 4902 A
2975 4860 3029 4903 rx
3073 4858 3245 4918 pmae
3270 4886 3295 4915 ,
3346 4842 3640 4902 Neronis

807 4932 903 4987 tus
940 4917 1269 4982 cierentur.
1324 4927 1518 5002 Quod
1554 4927 1846 5014 alioquin
1876 4932 2171 5009 Poppaeae
2244 4934 2459 5010 matris
2479 4977 2505 5013 ,
2529 4944 2607 5006 ut
2637 4924 2881 4997 dietum
2907 4940 2941 4984 e
3050 4916 3202 4998 upra
3234 4938 3385 4997 cap.
3410 4937 3471 4995 7,

986 5005 1074 5089 T
1063 5037 1212 5096 om.
1249 5010 1361 5100 II.
3136 5001 3207 5085 B
3237 5002 3294 5081 b
