4975 6149
1537 425 1719 498 286
1868 407 2944 499 SUPPLEMENTUM
3011 411 3391 499 LIBRI
3464 413 3619 499 XI.
3669 404 3983 498 ANN.

1247 607 1482 653 ΞΕ
1527 573 1678 660 bus
1726 575 1999 661 deerat
2044 576 2289 660 etiam
2351 604 2785 659 commune
2830 575 2969 658 sub
3020 575 3422 691 prioribus
3468 571 4060 689 Principatibus
4098 570 4313 660 sola·-

1247 683 1474 838 A‘g‘g'oc’
1523 706 1729 787 tium
1757 763 1786 805 ,
1833 709 2019 787 cum
2046 761 2077 807 ‚
2125 699 2262 787 vel
2309 705 2681 788 morituri
2711 762 2737 804 ,
2787 703 2888 787 de
2938 700 3263 788 Claudii
3311 702 3790 789 crudelitate
3864 703 4088 813 queri
4133 731 4305 787 non

1292 821 1437 940 Le]
1529 829 1845 944 possent
1871 889 1900 933 ‚
1948 832 2316 915 uxoriam
2357 827 2527 935 ejus
2576 825 3219 914 imbecillitatem
3270 830 3857 914 miserarentur.

1311 997 1417 1059 47.
1658 959 1766 1043 V.
1805 959 1951 1040 ΠΝ
1970 985 2021 1039 Α
2045 959 2259 1041 enim
2278 981 2406 1038 tot
2431 983 2993 1065 tantarumque
3022 957 3363 1040 caedium
3387 956 3622 1040 causa
3649 981 3818 1038 erat
3851 952 4308 1041 Messalina.

1528 1086 1869 1171 Femina
1896 1144 1925 1188 ‚
1978 1082 2410 1166 libidinum
2446 1081 2971 1166 adsuetudine
2999 1141 3027 1184 ,
3078 1091 3161 1167 ὅ(
3190 1079 3513 1168 Vitellii
3550 1143 3576 1185 ,
3629 1080 4022 1165 scelerum
4065 1080 4307 1166 satel-
4353 1082 4358 1088 ’
4418 1112 4459 1194 5

1530 1209 1697 1295 litis
1732 1270 1757 1314 ,
1813 1212 2201 1295 societate
2257 1209 2572 1311 audax,
2628 1212 2713 1290 in
2778 1210 3078 1293 civium
3134 1209 3498 1293 fortunas
3556 1209 3918 1320 vitasque
3974 1209 4311 1323 impune

1531 1335 2043 1449 grassabatur.
2078 1335 2318 1420 Loco
2353 1337 2782 1419 criminum
2814 1362 3038 1419 erant
3077 1332 3501 1419 muliebria
3530 1336 3739 1420 odia.
3772 1338 3910 1419 Sic
3954 1337 4040 1417 in
4075 1337 4310 1420 Pom-

1534 1466 1698 1577 peii
1755 1466 2048 1575 Magni
2092 1474 2115 1509 ¹
2152 1522 2180 1567 ,
2241 1492 2482 1573 quem
2526 1460 2902 1547 nobilitas
2946 1471 3030 1547 ὅ(
3069 1493 3258 1547 cum
3335 1462 3660 1545 Caesaris
3732 1462 3980 1545 domo
4024 1461 4311 1546 adfini-

1529 1615 1653 1674 tas
1703 1592 1788 1674 in
1843 1590 2232 1673 invidiam
2291 1589 2843 1693 adduxerant,
2896 1591 3342 1704 perniciem
3392 1592 3578 1674 ruit.
3624 1590 3839 1674 Mox
3878 1590 4309 1703 Poppaeam

1532 1724 1626 1800 ὃ(
1676 1713 2097 1803 Valerium
2146 1716 2588 1800 Astaticum
2613 1775 2642 1819 ‚
2683 1713 2905 1799 illam
2935 1776 2963 1821 ,
3009 1714 3114 1799 ob
3157 1712 3750 1830 praecellentem
3805 1715 4076 1798 formae
4130 1714 4309 1829 pul·
4374 1745 4461 1801 10

1530 1842 2088 1935 ‚chritudinem
2116 1903 2144 1946 ,
2191 1847 2456 1946 hunc,
2504 1867 2831 1958 propter
2879 1846 3249 1954 ingentes
3302 1872 3498 1957 opes
3554 1843 3920 1956 ipsosque
3949 1844 4307 1956 Poppaeae

1532 1999 1849 2054 amores
1889 1968 2302 2073 odiosum,
2330 1970 2894 2055 circumvenit.
2919 1972 3139 2054 Nam
3167 1967 3587 2056 Valerium
3615 1968 4053 2053 Asiaticum
4073 1977 4102 2011 ²
4132 2028 4157 2069 ‚
4189 1965 4309 2052 bis

1539 2093 1961 2180 consulem
1994 2153 2022 2199 ,
2063 2096 2290 2178 fuiss'e
2331 2097 2738 2206 quondam
2798 2091 3253 2181 adulterum
3298 2091 3467 2201 ejus
3532 2095 3916 2179 credidit:
3970 2097 4306 2210 pariter-

1535 2250 1696 2332 que
1741 2224 1996 2305 hortis
2033 2222 2351 2304 inhians
2381 2280 2409 2323 ,
2453 2249 2654 2330 quos
2704 2217 2845 2306 ille
2895 2251 2938 2304 a
2976 2215 3339 2303 Lucullo
3406 2248 3727 2331 coeptos
3783 2221 4070 2332 insigni
4143 2252 4307 2305 ma-

1539 2342 2012 2460 gnificentia
2061 2343 2562 2451 extollebat,
2617 2341 2968 2430 Suilium
3006 2344 3473 2428 accusandis
3525 2346 3880 2456 utrisque
3920 2349 4309 2433 immittit.
4369 2372 4454 2456 15

1614 2592 1960 2655 ⁷¹·Pomnn
1985 2592 2259 2668 MAcm]
2318 2589 2600 2654 Crasti&
2627 2587 2880 2654 Scribo·
2962 2608 3127 2665 ram,
3223 2607 3320 2670 ag.
3356 2596 3436 2672 56
3445 2610 3499 2669 3.
3538 2593 3846 2659 Senecam
3879 2590 3949 2654 in
3994 2592 4315 2674 Apocolo-

1541 2666 1664 2734 niae
1689 2669 1830 2744 filii,
1854 2670 2149 2734 Antoniae
2172 2718 2191 2746 ,
2235 2670 2487 2733 Claudii
2515 2667 2659 2730 filiae
2676 2715 2694 2743 ,
2742 2688 2882 2729 ma·
2965 2608 3232 2745 cyntoK.

1537 2748 1673 2810 titi.
1703 2748 1866 2814 Vide
1887 2754 2162 2817 Stemma
2189 2749 2517 2823 Caesarum,
2543 2767 2715 2809 num.
2745 2753 2880 2809 106.
3043 2756 3070 2785 ²
3116 2747 3276 2808 ΝΛΜ
3313 2750 3670 2812 Vanum
3715 2753 4127 2828 Ammon]
4173 2751 4315 2814 Hoec

1543 2825 1829 2920 Dionem
1850 2875 1873 2916 ,
1914 2828 2057 2893 libr.
2093 2831 2209 2893 LX
2226 2872 2250 2904 ‚
2293 2848 2430 2911 pag.
2482 2831 2628 2891 668.
2663 2828 2882 2888 Zona·
2965 2825 3036 2888 &
3065 2823 3309 2904 reliqua
3323 2825 3513 2892 habet
3537 2830 3797 2901 Tacitus
3828 2830 4060 2896 Annal-
4100 2830 4187 2893 xl
4207 2875 4230 2908 ,
4263 2849 4315 2898 ι.
