<?xml version="1.0" encoding="UTF-8"?>
<!DOCTYPE html PUBLIC "-//W3C//DTD XHTML 1.0 Transitional//EN"
    "http://www.w3.org/TR/xhtml1/DTD/xhtml1-transitional.dtd">
<html xmlns="http://www.w3.org/1999/xhtml" xml:lang="en" lang="en">
 <head>
  <title>
</title>
<meta http-equiv="Content-Type" content="text/html;charset=utf-8" />
  <meta name='ocr-system' content='tesseract 3.04.00' />
  <meta name='ocr-capabilities' content='ocr_page ocr_carea ocr_par ocr_line ocrx_word'/>
</head>
<body>
  <div class='ocr_page' id='page_1' title='image "./ccorneliitaciti04brotgoog_0031.png"; bbox 0 0 4975 6149; ppageno 0'>
   <div class='ocr_carea' id='block_1_1' title="bbox 1001 347 3557 445">
    <p class='ocr_par' dir='ltr' id='par_1_1' title="bbox 1001 347 3557 445">
     <span class='ocr_line' id='line_1_1' title="bbox 1001 347 3557 445; baseline 0 -1"><span class='ocrx_word' id='word_1_1' title='bbox 1001 348 1818 443; x_wconf 88' lang='lat' dir='ltr'><strong>ANNALIUM</strong></span> <span class='ocrx_word' id='word_1_2' title='bbox 1898 348 2330 435; x_wconf 92' lang='lat' dir='ltr'>LIBER</span> <span class='ocrx_word' id='word_1_3' title='bbox 2378 347 3342 444; x_wconf 80' lang='lat' dir='ltr'>:UNDECIMUS.</span> <span class='ocrx_word' id='word_1_4' title='bbox 3447 378 3557 445; x_wconf 82' lang='lat'>&#39;21</span> 
     </span>
    </p>
   </div>
   <div class='ocr_carea' id='block_1_2' title="bbox 534 507 3840 3157">
    <p class='ocr_par' dir='ltr' id='par_1_2' title="bbox 767 507 3840 1006">
     <span class='ocr_line' id='line_1_2' title="bbox 768 507 3840 635; baseline -0.001 -25"><span class='ocrx_word' id='word_1_5' title='bbox 768 520 1088 633; x_wconf 74' lang='lat' dir='ltr'>exsequi</span> <span class='ocrx_word' id='word_1_6' title='bbox 1127 517 1381 635; x_wconf 90' lang='lat' dir='ltr'>pudet</span> <span class='ocrx_word' id='word_1_7' title='bbox 1414 526 1475 598; x_wconf 87' lang='lat'>¹.</span> <span class='ocrx_word' id='word_1_8' title='bbox 1529 516 1959 625; x_wconf 89' lang='lat' dir='ltr'>Postquam</span> <span class='ocrx_word' id='word_1_9' title='bbox 1996 507 2408 615; x_wconf 87' lang='lat' dir='ltr'>adolevit,</span> <span class='ocrx_word' id='word_1_10' title='bbox 2459 510 2797 596; x_wconf 65' lang='lat' dir='ltr'>seEiator</span> <span class='ocrx_word' id='word_1_11' title='bbox 2834 507 3247 626; x_wconf 66' lang='lat' dir='ltr'>quaestoris</span> <span class='ocrx_word' id='word_1_12' title='bbox 3289 527 3322 564; x_wconf 84' lang='lat'><em>²</em></span> <span class='ocrx_word' id='word_1_13' title='bbox 3348 578 3381 625; x_wconf 84' lang='lat'><em>,</em></span> <span class='ocrx_word' id='word_1_14' title='bbox 3425 526 3559 607; x_wconf 90' lang='lat' dir='ltr'>cui</span> <span class='ocrx_word' id='word_1_15' title='bbox 3608 548 3840 594; x_wconf 59' lang='grc' dir='ltr'>ΞΞΞ</span> 
     </span>
     <span class='ocr_line' id='line_1_3' title="bbox 767 627 3832 775; baseline -0 -40"><span class='ocrx_word' id='word_1_16' title='bbox 767 651 1043 735; x_wconf 89' lang='lat' dir='ltr'>Africa</span> <span class='ocrx_word' id='word_1_17' title='bbox 1084 645 1533 758; x_wconf 83' lang='lat' dir='ltr'>obtigerat,</span> <span class='ocrx_word' id='word_1_18' title='bbox 1564 640 1764 725; x_wconf 91' lang='lat' dir='ltr'>dum</span> <span class='ocrx_word' id='word_1_19' title='bbox 1818 642 1901 722; x_wconf 91' lang='lat' dir='ltr'>in</span> <span class='ocrx_word' id='word_1_20' title='bbox 1942 638 2247 754; x_wconf 92' lang='lat' dir='ltr'>oppido</span> <span class='ocrx_word' id='word_1_21' title='bbox 2279 636 2735 722; x_wconf 86' lang='lat' dir='ltr'>Adrumeto</span> <span class='ocrx_word' id='word_1_22' title='bbox 2772 648 2795 696; x_wconf 88' lang='lat'><em>³</em></span> <span class='ocrx_word' id='word_1_23' title='bbox 2859 648 3148 730; x_wconf 90' lang='lat' dir='ltr'>vacuis</span> <span class='ocrx_word' id='word_1_24' title='bbox 3186 675 3329 760; x_wconf 89' lang='lat' dir='ltr'>per</span> <span class='ocrx_word' id='word_1_25' title='bbox 3377 678 3552 734; x_wconf 88' lang='lat' dir='ltr'>me·</span> <span class='ocrx_word' id='word_1_26' title='bbox 3604 627 3832 775; x_wconf 42' lang='grc' dir='ltr'>ζῇς·</span> 
     </span>
     <span class='ocr_line' id='line_1_4' title="bbox 768 755 3782 886; baseline 0.001 -30"><span class='ocrx_word' id='word_1_27' title='bbox 768 778 987 861; x_wconf 83' lang='lat' dir='ltr'>dium</span> <span class='ocrx_word' id='word_1_28' title='bbox 1040 775 1201 859; x_wconf 89' lang='lat' dir='ltr'>diei</span> <span class='ocrx_word' id='word_1_29' title='bbox 1252 765 1705 886; x_wconf 91' lang='lat' dir='ltr'>porticibus</span> <span class='ocrx_word' id='word_1_30' title='bbox 1758 765 2107 849; x_wconf 89' lang='lat' dir='ltr'>secretus</span> <span class='ocrx_word' id='word_1_31' title='bbox 2161 767 2413 880; x_wconf 88' lang='lat' dir='ltr'>agitat</span> <span class='ocrx_word' id='word_1_32' title='bbox 2445 822 2475 870; x_wconf 82' lang='lat'><em>,</em></span> <span class='ocrx_word' id='word_1_33' title='bbox 2519 763 2791 850; x_wconf 90' lang='lat' dir='ltr'>oblata</span> <span class='ocrx_word' id='word_1_34' title='bbox 2845 769 2927 848; x_wconf 93' lang='lat' dir='ltr'>ei</span> <span class='ocrx_word' id='word_1_35' title='bbox 2992 770 3303 884; x_wconf 90' lang='lat' dir='ltr'>species</span> <span class='ocrx_word' id='word_1_36' title='bbox 3365 806 3546 859; x_wconf 84' lang='lat' dir='ltr'>mu·</span> <span class='ocrx_word' id='word_1_37' title='bbox 3633 789 3681 867; x_wconf 79' lang='lat' dir='ltr'>J&#39;.</span> <span class='ocrx_word' id='word_1_38' title='bbox 3716 755 3782 864; x_wconf 58' lang='lat' dir='ltr'>c:</span> 
     </span>
     <span class='ocr_line' id='line_1_5' title="bbox 769 892 3741 1006; baseline -0.005 -19"><span class='ocrx_word' id='word_1_39' title='bbox 769 902 1033 987; x_wconf 88' lang='lat' dir='ltr'>liebris</span> <span class='ocrx_word' id='word_1_40' title='bbox 1082 898 1287 985; x_wconf 89' lang='lat' dir='ltr'>ultra</span> <span class='ocrx_word' id='word_1_41' title='bbox 1323 896 1664 980; x_wconf 88' lang='lat' dir='ltr'>modum</span> <span class='ocrx_word' id='word_1_42' title='bbox 1706 896 2202 996; x_wconf 85' lang='lat' dir='ltr'>humanum,</span> <span class='ocrx_word' id='word_1_43' title='bbox 2256 901 2341 976; x_wconf 86' lang='lat'>&amp;</span> <span class='ocrx_word' id='word_1_44' title='bbox 2398 892 2667 976; x_wconf 90' lang='lat' dir='ltr'>audita</span> <span class='ocrx_word' id='word_1_45' title='bbox 2716 892 2825 975; x_wconf 91' lang='lat' dir='ltr'>est</span> <span class='ocrx_word' id='word_1_46' title='bbox 2861 922 3074 976; x_wconf 84' lang='lat' dir='ltr'>vox:</span> <span class='ocrx_word' id='word_1_47' title='bbox 3145 928 3192 971; x_wconf 74' lang='lat' dir='ltr'>c&lt;</span> <span class='ocrx_word' id='word_1_48' title='bbox 3231 898 3365 982; x_wconf 91' lang='lat' dir='ltr'>Tu</span> <span class='ocrx_word' id='word_1_49' title='bbox 3403 931 3485 985; x_wconf 91' lang='lat' dir='ltr'>es</span> <span class='ocrx_word' id='word_1_50' title='bbox 3515 962 3545 1006; x_wconf 88' lang='lat'><strong><em>,</em></strong></span> <span class='ocrx_word' id='word_1_51' title='bbox 3633 927 3741 988; x_wconf 82' lang='lat'>47.</span> 
     </span>
    </p>

    <p class='ocr_par' dir='ltr' id='par_1_3' title="bbox 678 1015 3547 1637">
     <span class='ocr_line' id='line_1_6' title="bbox 678 1015 3547 1137; baseline 0.001 -30"><span class='ocrx_word' id='word_1_52' title='bbox 678 1055 724 1134; x_wconf 68' lang='grc' dir='ltr'><em>ς</em></span> <span class='ocrx_word' id='word_1_53' title='bbox 775 1029 1049 1115; x_wconf 79' lang='lat' dir='ltr'>»Rufe</span> <span class='ocrx_word' id='word_1_54' title='bbox 1076 1087 1105 1132; x_wconf 91' lang='lat'><strong><em>,</em></strong></span> <span class='ocrx_word' id='word_1_55' title='bbox 1145 1029 1281 1137; x_wconf 92' lang='lat' dir='ltr'>qui</span> <span class='ocrx_word' id='word_1_56' title='bbox 1317 1027 1403 1106; x_wconf 91' lang='lat' dir='ltr'>in</span> <span class='ocrx_word' id='word_1_57' title='bbox 1463 1025 1681 1106; x_wconf 89' lang='lat' dir='ltr'>hanc</span> <span class='ocrx_word' id='word_1_58' title='bbox 1732 1021 2239 1136; x_wconf 89' lang='lat' dir='ltr'>provinciam</span> <span class='ocrx_word' id='word_1_59' title='bbox 2291 1048 2439 1133; x_wconf 90' lang='lat' dir='ltr'>pro</span> <span class='ocrx_word' id='word_1_60' title='bbox 2500 1015 2835 1103; x_wconf 89' lang='lat' dir='ltr'>consule</span> <span class='ocrx_word' id='word_1_61' title='bbox 2898 1023 3177 1104; x_wconf 90' lang='lat' dir='ltr'>venies</span> <span class='ocrx_word' id='word_1_62' title='bbox 3219 1058 3306 1106; x_wconf 86' lang='grc'>».</span> <span class='ocrx_word' id='word_1_63' title='bbox 3354 1025 3547 1110; x_wconf 91' lang='lat' dir='ltr'>Tali</span> 
     </span>
     <span class='ocr_line' id='line_1_7' title="bbox 778 1141 3544 1266; baseline -0.001 -26"><span class='ocrx_word' id='word_1_64' title='bbox 778 1157 1042 1240; x_wconf 89' lang='lat' dir='ltr'>omine</span> <span class='ocrx_word' id='word_1_65' title='bbox 1084 1157 1170 1236; x_wconf 91' lang='lat' dir='ltr'>in</span> <span class='ocrx_word' id='word_1_66' title='bbox 1202 1152 1422 1266; x_wconf 84' lang='lat' dir='ltr'>spem</span> <span class='ocrx_word' id='word_1_67' title='bbox 1465 1143 1820 1232; x_wconf 89' lang='lat' dir='ltr'>sublatus</span> <span class='ocrx_word' id='word_1_68' title='bbox 1842 1206 1871 1250; x_wconf 86' lang='lat'><em>‚</em></span> <span class='ocrx_word' id='word_1_69' title='bbox 1911 1144 2446 1259; x_wconf 86' lang='lat' dir='ltr'>digreffusque</span> <span class='ocrx_word' id='word_1_70' title='bbox 2484 1148 2570 1226; x_wconf 91' lang='lat' dir='ltr'>in</span> <span class='ocrx_word' id='word_1_71' title='bbox 2601 1141 2905 1228; x_wconf 83' lang='lat' dir='ltr'>Urbem</span> <span class='ocrx_word' id='word_1_72' title='bbox 2927 1204 2956 1248; x_wconf 86' lang='lat'><em>‚</em></span> <span class='ocrx_word' id='word_1_73' title='bbox 2988 1154 3071 1229; x_wconf 84' lang='lat'>&amp;</span> <span class='ocrx_word' id='word_1_74' title='bbox 3106 1142 3544 1260; x_wconf 79' lang='lat' dir='ltr'>largitione</span> 
     </span>
     <span class='ocr_line' id='line_1_8' title="bbox 776 1272 3544 1385; baseline -0.001 -18"><span class='ocrx_word' id='word_1_75' title='bbox 776 1284 1272 1382; x_wconf 85' lang='lat' dir='ltr'>amicorum,</span> <span class='ocrx_word' id='word_1_76' title='bbox 1332 1272 1557 1358; x_wconf 84' lang='lat' dir='ltr'>fimul</span> <span class='ocrx_word' id='word_1_77' title='bbox 1605 1275 1772 1356; x_wconf 91' lang='lat' dir='ltr'>acri</span> <span class='ocrx_word' id='word_1_78' title='bbox 1816 1274 2153 1385; x_wconf 91' lang='lat' dir='ltr'>ingenio</span> <span class='ocrx_word' id='word_1_79' title='bbox 2181 1330 2211 1376; x_wconf 87' lang='lat'><strong><em>,</em></strong></span> <span class='ocrx_word' id='word_1_80' title='bbox 2255 1272 2714 1383; x_wconf 85' lang='lat' dir='ltr'>quaesturam</span> <span class='ocrx_word' id='word_1_81' title='bbox 2742 1328 2772 1372; x_wconf 88' lang='lat'><strong><em>,</em></strong></span> <span class='ocrx_word' id='word_1_82' title='bbox 2821 1277 2910 1373; x_wconf 71' lang='grc' dir='ltr'>β(</span> <span class='ocrx_word' id='word_1_83' title='bbox 2970 1300 3170 1355; x_wconf 84' lang='lat' dir='ltr'>mox</span> <span class='ocrx_word' id='word_1_84' title='bbox 3222 1274 3544 1362; x_wconf 80' lang='lat' dir='ltr'>nobiles</span> 
     </span>
     <span class='ocr_line' id='line_1_9' title="bbox 790 1395 3540 1515; baseline -0 -25"><span class='ocrx_word' id='word_1_85' title='bbox 790 1411 998 1490; x_wconf 92' lang='lat' dir='ltr'>inter</span> <span class='ocrx_word' id='word_1_86' title='bbox 1020 1403 1480 1492; x_wconf 90' lang='lat' dir='ltr'>candidatos</span> <span class='ocrx_word' id='word_1_87' title='bbox 1522 1424 1939 1515; x_wconf 85' lang='lat' dir='ltr'>praeturam</span> <span class='ocrx_word' id='word_1_88' title='bbox 1977 1400 2363 1513; x_wconf 90' lang='lat' dir='ltr'>principis</span> <span class='ocrx_word' id='word_1_89' title='bbox 2389 1396 2774 1508; x_wconf 86' lang='lat' dir='ltr'>suffragio</span> <span class='ocrx_word' id='word_1_90' title='bbox 2813 1395 3318 1509; x_wconf 87' lang='lat' dir='ltr'>adsequitur:</span> <span class='ocrx_word' id='word_1_91' title='bbox 3350 1410 3540 1489; x_wconf 76' lang='lat' dir='ltr'>cum</span> 
     </span>
     <span class='ocr_line' id='line_1_10' title="bbox 780 1519 3540 1637; baseline -0.001 -21"><span class='ocrx_word' id='word_1_92' title='bbox 780 1533 994 1616; x_wconf 86' lang='lat' dir='ltr'>hisce</span> <span class='ocrx_word' id='word_1_93' title='bbox 1078 1528 1334 1616; x_wconf 86' lang='lat' dir='ltr'>verbis</span> <span class='ocrx_word' id='word_1_94' title='bbox 1418 1525 1792 1611; x_wconf 89' lang='lat' dir='ltr'>Tiberius</span> <span class='ocrx_word' id='word_1_95' title='bbox 1883 1524 2231 1608; x_wconf 88' lang='lat' dir='ltr'>dedecus</span> <span class='ocrx_word' id='word_1_96' title='bbox 2307 1521 2699 1608; x_wconf 88' lang='lat' dir='ltr'>natalium</span> <span class='ocrx_word' id='word_1_97' title='bbox 2790 1519 2958 1629; x_wconf 81' lang='lat' dir='ltr'>ejus</span> <span class='ocrx_word' id='word_1_98' title='bbox 3049 1521 3469 1614; x_wconf 83' lang='lat' dir='ltr'>velaviffet</span> <span class='ocrx_word' id='word_1_99' title='bbox 3504 1557 3540 1637; x_wconf 78' lang='lat'>‚·</span> 
     </span>
    </p>

    <p class='ocr_par' dir='ltr' id='par_1_4' title="bbox 534 1646 3541 2275">
     <span class='ocr_line' id='line_1_11' title="bbox 534 1646 3541 1764; baseline 0 -22"><span class='ocrx_word' id='word_1_100' title='bbox 534 1715 541 1722; x_wconf 48' lang='lat'>1</span> <span class='ocrx_word' id='word_1_101' title='bbox 612 1687 656 1743; x_wconf 84' lang='lat'>1</span> <span class='ocrx_word' id='word_1_102' title='bbox 681 1685 731 1740; x_wconf 91' lang='lat' dir='ltr'>o</span> <span class='ocrx_word' id='word_1_103' title='bbox 791 1692 830 1735; x_wconf 78' lang='lat' dir='ltr'>c&lt;</span> <span class='ocrx_word' id='word_1_104' title='bbox 867 1658 1193 1741; x_wconf 89' lang='lat' dir='ltr'>Curtius</span> <span class='ocrx_word' id='word_1_105' title='bbox 1233 1654 1502 1740; x_wconf 89' lang='lat' dir='ltr'>Rufus</span> <span class='ocrx_word' id='word_1_106' title='bbox 1544 1653 1861 1738; x_wconf 87' lang='lat' dir='ltr'>videtur</span> <span class='ocrx_word' id='word_1_107' title='bbox 1897 1653 2097 1732; x_wconf 91' lang='lat' dir='ltr'>mihi</span> <span class='ocrx_word' id='word_1_108' title='bbox 2125 1678 2246 1734; x_wconf 86' lang='lat' dir='ltr'>ex</span> <span class='ocrx_word' id='word_1_109' title='bbox 2283 1650 2363 1733; x_wconf 92' lang='lat' dir='ltr'>se</span> <span class='ocrx_word' id='word_1_110' title='bbox 2418 1677 2653 1748; x_wconf 88' lang='lat' dir='ltr'>natus</span> <span class='ocrx_word' id='word_1_111' title='bbox 2691 1684 2776 1731; x_wconf 73' lang='lat'>³2.</span> <span class='ocrx_word' id='word_1_112' title='bbox 2815 1646 3106 1761; x_wconf 61' lang='lat' dir='ltr'>Longa</span> <span class='ocrx_word' id='word_1_113' title='bbox 3144 1654 3314 1764; x_wconf 90' lang='lat' dir='ltr'>post</span> <span class='ocrx_word' id='word_1_114' title='bbox 3363 1659 3541 1742; x_wconf 84' lang='lat' dir='ltr'>haec</span> 
     </span>
     <span class='ocr_line' id='line_1_12' title="bbox 773 1771 3536 1894; baseline 0 -27"><span class='ocrx_word' id='word_1_115' title='bbox 773 1778 1081 1869; x_wconf 62' lang='lat' dir='ltr'>senecia</span> <span class='ocrx_word' id='word_1_116' title='bbox 1109 1842 1138 1886; x_wconf 86' lang='lat'><em>‚</em></span> <span class='ocrx_word' id='word_1_117' title='bbox 1200 1789 1285 1865; x_wconf 83' lang='lat'>&amp;</span> <span class='ocrx_word' id='word_1_118' title='bbox 1357 1780 1724 1864; x_wconf 68' lang='lat' dir='ltr'>adversus</span> <span class='ocrx_word' id='word_1_119' title='bbox 1789 1778 2237 1894; x_wconf 87' lang='lat' dir='ltr'>superiores</span> <span class='ocrx_word' id='word_1_120' title='bbox 2292 1778 2492 1860; x_wconf 88' lang='lat' dir='ltr'>tristi</span> <span class='ocrx_word' id='word_1_121' title='bbox 2571 1771 3089 1879; x_wconf 88' lang='lat' dir='ltr'>adulatione,</span> <span class='ocrx_word' id='word_1_122' title='bbox 3154 1807 3536 1891; x_wconf 86' lang='lat' dir='ltr'>arrogans</span> 
     </span>
     <span class='ocr_line' id='line_1_13' title="bbox 773 1899 3537 2020; baseline -0.002 -27"><span class='ocrx_word' id='word_1_123' title='bbox 773 1906 1483 2012; x_wconf 87' lang='lat' dir='ltr'>minoribus,inter</span> <span class='ocrx_word' id='word_1_124' title='bbox 1496 1935 1721 2020; x_wconf 90' lang='lat' dir='ltr'>pares</span> <span class='ocrx_word' id='word_1_125' title='bbox 1752 1901 2135 2008; x_wconf 83' lang='lat' dir='ltr'>difficilis,</span> <span class='ocrx_word' id='word_1_126' title='bbox 2155 1899 2580 1989; x_wconf 89' lang='lat' dir='ltr'>consulare</span> <span class='ocrx_word' id='word_1_127' title='bbox 2606 1903 3032 2014; x_wconf 86' lang='lat' dir='ltr'>imperium</span> <span class='ocrx_word' id='word_1_128' title='bbox 3049 1912 3116 2005; x_wconf 81' lang='lat'>4,</span> <span class='ocrx_word' id='word_1_129' title='bbox 3147 1907 3537 2020; x_wconf 87' lang='lat' dir='ltr'>triumphi</span> 
     </span>
     <span class='ocr_line' id='line_1_14' title="bbox 779 2025 3531 2148; baseline 0 -32"><span class='ocrx_word' id='word_1_130' title='bbox 779 2036 1157 2146; x_wconf 76' lang='lat' dir='ltr'>insignia,</span> <span class='ocrx_word' id='word_1_131' title='bbox 1210 2065 1304 2118; x_wconf 89' lang='lat' dir='ltr'>ac</span> <span class='ocrx_word' id='word_1_132' title='bbox 1347 2034 1740 2148; x_wconf 77' lang='lat' dir='ltr'>postremo</span> <span class='ocrx_word' id='word_1_133' title='bbox 1782 2030 2149 2117; x_wconf 86' lang='lat' dir='ltr'>Africam</span> <span class='ocrx_word' id='word_1_134' title='bbox 2188 2028 2588 2114; x_wconf 83' lang='lat' dir='ltr'>obtinuit:</span> <span class='ocrx_word' id='word_1_135' title='bbox 2627 2052 2865 2136; x_wconf 84' lang='lat' dir='ltr'>atque</span> <span class='ocrx_word' id='word_1_136' title='bbox 2912 2025 3026 2109; x_wconf 91' lang='lat' dir='ltr'>ibi</span> <span class='ocrx_word' id='word_1_137' title='bbox 3074 2027 3531 2139; x_wconf 68' lang='lat' dir='ltr'>defunctus,</span> 
     </span>
     <span class='ocr_line' id='line_1_15' title="bbox 772 2155 3240 2275; baseline -0.002 -32"><span class='ocrx_word' id='word_1_138' title='bbox 772 2158 1009 2245; x_wconf 86' lang='lat' dir='ltr'>fatale</span> <span class='ocrx_word' id='word_1_139' title='bbox 1048 2162 1514 2274; x_wconf 75' lang='lat' dir='ltr'>prae&#39;sagium</span> <span class='ocrx_word' id='word_1_140' title='bbox 1560 2155 1958 2275; x_wconf 90' lang='lat' dir='ltr'>implevit.</span> <span class='ocrx_word' id='word_1_141' title='bbox 2603 2157 2610 2158; x_wconf 10' lang='grc' dir='ltr'><em>ἦ</em></span> <span class='ocrx_word' id='word_1_142' title='bbox 3229 2223 3240 2236; x_wconf 8' lang='grc' dir='ltr'>,ἢ</span> 
     </span>
    </p>

    <p class='ocr_par' dir='ltr' id='par_1_5' title="bbox 615 2276 3618 2905">
     <span class='ocr_line' id='line_1_16' title="bbox 615 2276 3532 2398; baseline 0.001 -28"><span class='ocrx_word' id='word_1_143' title='bbox 615 2313 719 2395; x_wconf 78' lang='lat'>15</span> <span class='ocrx_word' id='word_1_144' title='bbox 885 2286 1200 2370; x_wconf 88' lang='lat' dir='ltr'>XXII.</span> <span class='ocrx_word' id='word_1_145' title='bbox 1265 2289 1704 2370; x_wconf 79' lang='lat' dir='ltr'><strong>INTEREA</strong></span> <span class='ocrx_word' id='word_1_146' title='bbox 1769 2287 2112 2389; x_wconf 84' lang='lat' dir='ltr'>Romae‚</span> <span class='ocrx_word' id='word_1_147' title='bbox 2175 2279 2421 2368; x_wconf 89' lang='lat' dir='ltr'>nullis</span> <span class='ocrx_word' id='word_1_148' title='bbox 2476 2276 2801 2398; x_wconf 84' lang='lat' dir='ltr'>palam,</span> <span class='ocrx_word' id='word_1_149' title='bbox 2858 2309 3120 2392; x_wconf 91' lang='lat' dir='ltr'>neque</span> <span class='ocrx_word' id='word_1_150' title='bbox 3177 2277 3532 2396; x_wconf 82' lang='lat' dir='ltr'>cognitis</span> 
     </span>
     <span class='ocr_line' id='line_1_17' title="bbox 765 2409 3533 2525; baseline 0.001 -31"><span class='ocrx_word' id='word_1_151' title='bbox 765 2441 958 2498; x_wconf 84' lang='lat' dir='ltr'>mox</span> <span class='ocrx_word' id='word_1_152' title='bbox 1024 2414 1268 2499; x_wconf 74' lang='lat' dir='ltr'>causis</span> <span class='ocrx_word' id='word_1_153' title='bbox 1297 2472 1327 2516; x_wconf 89' lang='lat'><strong><em>,</em></strong></span> <span class='ocrx_word' id='word_1_154' title='bbox 1393 2413 1547 2496; x_wconf 91' lang='lat' dir='ltr'>Cn.</span> <span class='ocrx_word' id='word_1_155' title='bbox 1621 2415 1947 2497; x_wconf 87' lang='lat' dir='ltr'>Novius</span> <span class='ocrx_word' id='word_1_156' title='bbox 1978 2471 2007 2516; x_wconf 91' lang='lat'><strong><em>,</em></strong></span> <span class='ocrx_word' id='word_1_157' title='bbox 2083 2413 2405 2525; x_wconf 79' lang='lat' dir='ltr'>insignis</span> <span class='ocrx_word' id='word_1_158' title='bbox 2467 2437 2711 2519; x_wconf 88' lang='lat' dir='ltr'>eques</span> <span class='ocrx_word' id='word_1_159' title='bbox 2777 2409 3250 2514; x_wconf 84' lang='lat' dir='ltr'>Romanus,</span> <span class='ocrx_word' id='word_1_160' title='bbox 3315 2409 3533 2499; x_wconf 87' lang='lat' dir='ltr'>ferro</span> 
     </span>
     <span class='ocr_line' id='line_1_18' title="bbox 765 2535 3531 2653; baseline -0 -30"><span class='ocrx_word' id='word_1_161' title='bbox 765 2541 1170 2623; x_wconf 59' lang='lat' dir='ltr'>accinctus</span> <span class='ocrx_word' id='word_1_162' title='bbox 1245 2542 1635 2653; x_wconf 89' lang='lat' dir='ltr'>reperitur</span> <span class='ocrx_word' id='word_1_163' title='bbox 1710 2540 1796 2621; x_wconf 91' lang='lat' dir='ltr'>in</span> <span class='ocrx_word' id='word_1_164' title='bbox 1866 2565 2093 2622; x_wconf 88' lang='lat' dir='ltr'>coetu</span> <span class='ocrx_word' id='word_1_165' title='bbox 2165 2535 2682 2623; x_wconf 89' lang='lat' dir='ltr'>salutantium</span> <span class='ocrx_word' id='word_1_166' title='bbox 2744 2536 3204 2647; x_wconf 84' lang='lat' dir='ltr'>Principem</span> <span class='ocrx_word' id='word_1_167' title='bbox 3245 2568 3263 2616; x_wconf 71' lang='grc' dir='ltr'>ε</span> <span class='ocrx_word' id='word_1_168' title='bbox 3338 2567 3531 2622; x_wconf 89' lang='lat' dir='ltr'>nam</span> 
     </span>
     <span class='ocr_line' id='line_1_19' title="bbox 766 2660 3618 2780; baseline 0 -31"><span class='ocrx_word' id='word_1_169' title='bbox 766 2667 1178 2780; x_wconf 88' lang='lat' dir='ltr'>postquam</span> <span class='ocrx_word' id='word_1_170' title='bbox 1248 2667 1668 2749; x_wconf 87' lang='lat' dir='ltr'>tormentis</span> <span class='ocrx_word' id='word_1_171' title='bbox 1722 2660 2305 2768; x_wconf 84' lang='lat' dir='ltr'>dilaniabatur,</span> <span class='ocrx_word' id='word_1_172' title='bbox 2359 2663 2459 2747; x_wconf 92' lang='lat' dir='ltr'>de</span> <span class='ocrx_word' id='word_1_173' title='bbox 2530 2662 2610 2746; x_wconf 92' lang='lat' dir='ltr'>se</span> <span class='ocrx_word' id='word_1_174' title='bbox 2666 2662 2990 2746; x_wconf 89' lang='lat' dir='ltr'>Novius</span> <span class='ocrx_word' id='word_1_175' title='bbox 3021 2668 3098 2741; x_wconf 85' lang='lat'>5:</span> <span class='ocrx_word' id='word_1_176' title='bbox 3153 2661 3529 2749; x_wconf 84' lang='lat' dir='ltr'>conscios</span> <span class='ocrx_word' id='word_1_177' title='bbox 3609 2669 3618 2676; x_wconf 69' lang='grc'><em>“</em></span> 
     </span>
     <span class='ocr_line' id='line_1_20' title="bbox 765 2782 3529 2905; baseline -0.001 -29"><span class='ocrx_word' id='word_1_178' title='bbox 765 2821 935 2876; x_wconf 90' lang='lat' dir='ltr'>non</span> <span class='ocrx_word' id='word_1_179' title='bbox 968 2791 1266 2895; x_wconf 90' lang='lat' dir='ltr'>edidit,</span> <span class='ocrx_word' id='word_1_180' title='bbox 1304 2795 1707 2875; x_wconf 87' lang='lat' dir='ltr'>incertum</span> <span class='ocrx_word' id='word_1_181' title='bbox 1744 2820 1849 2873; x_wconf 88' lang='lat' dir='ltr'>an</span> <span class='ocrx_word' id='word_1_182' title='bbox 1877 2787 2327 2875; x_wconf 85' lang='lat' dir='ltr'>occultans.</span> <span class='ocrx_word' id='word_1_183' title='bbox 2374 2789 2670 2873; x_wconf 89' lang='lat' dir='ltr'>Iisdem</span> <span class='ocrx_word' id='word_1_184' title='bbox 2706 2782 3170 2905; x_wconf 88' lang='lat' dir='ltr'>consulibus</span> <span class='ocrx_word' id='word_1_185' title='bbox 3218 2788 3308 2871; x_wconf 93' lang='lat' dir='ltr'>P.</span> <span class='ocrx_word' id='word_1_186' title='bbox 3338 2789 3529 2875; x_wconf 90' lang='lat' dir='ltr'>Do·-</span> 
     </span>
    </p>

    <p class='ocr_par' dir='ltr' id='par_1_6' title="bbox 582 2910 3529 3157">
     <span class='ocr_line' id='line_1_21' title="bbox 582 2910 3529 3030; baseline -0.001 -27"><span class='ocrx_word' id='word_1_187' title='bbox 582 2949 717 3003; x_wconf 88' lang='lat'>20</span> <span class='ocrx_word' id='word_1_188' title='bbox 766 2910 1062 2998; x_wconf 89' lang='lat' dir='ltr'>labella</span> <span class='ocrx_word' id='word_1_189' title='bbox 1105 2917 1409 2999; x_wconf 86' lang='lat' dir='ltr'>censuit</span> <span class='ocrx_word' id='word_1_190' title='bbox 1452 2949 1496 2992; x_wconf 75' lang='lat' dir='ltr'>a</span> <span class='ocrx_word' id='word_1_191' title='bbox 1528 2911 2069 3030; x_wconf 65' lang='lat' dir='ltr'>spefiaculum</span> <span class='ocrx_word' id='word_1_192' title='bbox 2117 2912 2653 3028; x_wconf 88' lang='lat' dir='ltr'>gladiatorum</span> <span class='ocrx_word' id='word_1_193' title='bbox 2684 2913 2722 2961; x_wconf 83' lang='lat'><strong><em>⁶</em></strong></span> <span class='ocrx_word' id='word_1_194' title='bbox 2774 2942 2915 3029; x_wconf 92' lang='lat' dir='ltr'>per</span> <span class='ocrx_word' id='word_1_195' title='bbox 2955 2941 3234 2997; x_wconf 90' lang='lat' dir='ltr'>omnes</span> <span class='ocrx_word' id='word_1_196' title='bbox 3273 2945 3529 3001; x_wconf 90' lang='lat' dir='ltr'>annos</span> 
     </span>
     <span class='ocr_line' id='line_1_22' title="bbox 758 3036 3529 3157; baseline 0.003 -32"><span class='ocrx_word' id='word_1_197' title='bbox 758 3073 815 3137; x_wconf 59' lang='lat' dir='ltr'><em>p</em></span> <span class='ocrx_word' id='word_1_198' title='bbox 834 3036 1428 3157; x_wconf 84' lang='lat' dir='ltr'>celebrandum,</span> <span class='ocrx_word' id='word_1_199' title='bbox 1452 3040 1791 3156; x_wconf 63' lang='lat' dir='ltr'>pecunia</span> <span class='ocrx_word' id='word_1_200' title='bbox 1814 3071 2125 3152; x_wconf 85' lang='lat' dir='ltr'>eorum,</span> <span class='ocrx_word' id='word_1_201' title='bbox 2150 3044 2294 3156; x_wconf 88' lang='lat' dir='ltr'>qui</span> <span class='ocrx_word' id='word_1_202' title='bbox 2311 3045 2770 3156; x_wconf 88' lang='lat' dir='ltr'>quaesturam</span> <span class='ocrx_word' id='word_1_203' title='bbox 2799 3039 3481 3157; x_wconf 81' lang='lat' dir='ltr'>adipiscerentur»</span> <span class='ocrx_word' id='word_1_204' title='bbox 3504 3108 3529 3132; x_wconf 88' lang='lat'>.</span> 
     </span>
    </p>
   </div>
   <div class='ocr_carea' id='block_1_3' title="bbox 554 3294 3624 4953">
    <p class='ocr_par' dir='ltr' id='par_1_7' title="bbox 666 3294 3531 3540">
     <span class='ocr_line' id='line_1_23' title="bbox 666 3294 3531 3387; baseline -0 -26"><span class='ocrx_word' id='word_1_205' title='bbox 666 3332 695 3387; x_wconf 64' lang='lat' dir='ltr'><em>f</em></span> <span class='ocrx_word' id='word_1_206' title='bbox 774 3318 789 3329; x_wconf 89' lang='lat'><strong>·</strong></span> <span class='ocrx_word' id='word_1_207' title='bbox 846 3304 869 3338; x_wconf 73' lang='lat'><strong>¹</strong></span> <span class='ocrx_word' id='word_1_208' title='bbox 902 3294 1189 3372; x_wconf 69' lang='lat' dir='ltr'>Exanm</span> <span class='ocrx_word' id='word_1_209' title='bbox 1225 3316 1436 3361; x_wconf 65' lang='lat' dir='ltr'>ronna·</span> <span class='ocrx_word' id='word_1_210' title='bbox 1465 3300 1498 3374; x_wconf 83' lang='lat' dir='ltr'>J</span> <span class='ocrx_word' id='word_1_211' title='bbox 1564 3295 1853 3361; x_wconf 84' lang='lat' dir='ltr'>Tacitum</span> <span class='ocrx_word' id='word_1_212' title='bbox 1919 3300 2111 3379; x_wconf 83' lang='lat' dir='ltr'>pudet</span> <span class='ocrx_word' id='word_1_213' title='bbox 2183 3312 2329 3362; x_wconf 85' lang='lat' dir='ltr'>terea</span> <span class='ocrx_word' id='word_1_214' title='bbox 2366 3299 2655 3361; x_wconf 80' lang='lat' dir='ltr'>accedenti</span> <span class='ocrx_word' id='word_1_215' title='bbox 2708 3299 3106 3381; x_wconf 76' lang='lat' dir='ltr'>Carthaginem</span> <span class='ocrx_word' id='word_1_216' title='bbox 3126 3348 3146 3378; x_wconf 91' lang='lat'>,</span> <span class='ocrx_word' id='word_1_217' title='bbox 3200 3298 3531 3382; x_wconf 83' lang='lat' dir='ltr'>egredienti-</span> 
     </span>
     <span class='ocr_line' id='line_1_24' title="bbox 757 3373 3529 3461; baseline -0 -24"><span class='ocrx_word' id='word_1_218' title='bbox 757 3395 942 3451; x_wconf 67' lang='grc' dir='ltr'>τετε,</span> <span class='ocrx_word' id='word_1_219' title='bbox 969 3377 1142 3440; x_wconf 85' lang='lat' dir='ltr'>miris</span> <span class='ocrx_word' id='word_1_220' title='bbox 1170 3396 1242 3440; x_wconf 84' lang='lat' dir='ltr'>ac</span> <span class='ocrx_word' id='word_1_221' title='bbox 1259 3373 1702 3458; x_wconf 84' lang='lat' dir='ltr'>phantasmatis</span> <span class='ocrx_word' id='word_1_222' title='bbox 1723 3376 2102 3456; x_wconf 83' lang='lat' dir='ltr'>intermixta,</span> <span class='ocrx_word' id='word_1_223' title='bbox 2179 3399 2277 3458; x_wconf 79' lang='lat' dir='ltr'>que</span> <span class='ocrx_word' id='word_1_224' title='bbox 2311 3401 2510 3443; x_wconf 77' lang='lat' dir='ltr'>navem</span> <span class='ocrx_word' id='word_1_225' title='bbox 2533 3426 2553 3457; x_wconf 90' lang='lat'>‚</span> <span class='ocrx_word' id='word_1_226' title='bbox 2589 3376 2777 3439; x_wconf 83' lang='lat' dir='ltr'>eadem</span> <span class='ocrx_word' id='word_1_227' title='bbox 2795 3377 2994 3461; x_wconf 85' lang='lat' dir='ltr'>figura</span> <span class='ocrx_word' id='word_1_228' title='bbox 3034 3381 3093 3441; x_wconf 87' lang='lat' dir='ltr'>in</span> <span class='ocrx_word' id='word_1_229' title='bbox 3133 3378 3290 3441; x_wconf 86' lang='lat' dir='ltr'>litore</span> <span class='ocrx_word' id='word_1_230' title='bbox 3325 3397 3529 3438; x_wconf 85' lang='lat' dir='ltr'>occur-</span> 
     </span>
     <span class='ocr_line' id='line_1_25' title="bbox 755 3454 3529 3540; baseline 0 -24"><span class='ocrx_word' id='word_1_231' title='bbox 755 3455 1039 3519; x_wconf 79' lang='lat' dir='ltr'>scribere.</span> <span class='ocrx_word' id='word_1_232' title='bbox 2177 3459 2295 3540; x_wconf 74' lang='lat' dir='ltr'>riffe</span> <span class='ocrx_word' id='word_1_233' title='bbox 2338 3477 2628 3520; x_wconf 81' lang='lat' dir='ltr'>narratur.</span> <span class='ocrx_word' id='word_1_234' title='bbox 2658 3457 2774 3539; x_wconf 75' lang='lat' dir='ltr'>Ipse</span> <span class='ocrx_word' id='word_1_235' title='bbox 2813 3462 2956 3518; x_wconf 69' lang='lat' dir='ltr'>certe</span> <span class='ocrx_word' id='word_1_236' title='bbox 2994 3456 3291 3536; x_wconf 79' lang='lat' dir='ltr'>implicitus</span> <span class='ocrx_word' id='word_1_237' title='bbox 3309 3454 3529 3534; x_wconf 85' lang='lat' dir='ltr'>morbo,</span> 
     </span>
    </p>

    <p class='ocr_par' dir='ltr' id='par_1_8' title="bbox 751 3534 3624 4870">
     <span class='ocr_line' id='line_1_26' title="bbox 839 3534 3531 3619; baseline 0 -24"><span class='ocrx_word' id='word_1_238' title='bbox 839 3542 865 3572; x_wconf 89' lang='lat'><em>²</em></span> <span class='ocrx_word' id='word_1_239' title='bbox 889 3536 1228 3597; x_wconf 66' lang='lat' dir='ltr'>Stet-Aron</span> <span class='ocrx_word' id='word_1_240' title='bbox 1251 3536 1656 3611; x_wconf 62' lang='lat' dir='ltr'>quasa-oms]</span> <span class='ocrx_word' id='word_1_241' title='bbox 1689 3534 1760 3595; x_wconf 91' lang='lat' dir='ltr'>Id</span> <span class='ocrx_word' id='word_1_242' title='bbox 1777 3535 1858 3598; x_wconf 90' lang='lat' dir='ltr'>est</span> <span class='ocrx_word' id='word_1_243' title='bbox 1887 3552 2101 3597; x_wconf 85' lang='lat' dir='ltr'>comes</span> <span class='ocrx_word' id='word_1_244' title='bbox 2163 3535 2363 3612; x_wconf 80' lang='lat' dir='ltr'>sutura</span> <span class='ocrx_word' id='word_1_245' title='bbox 2378 3538 2716 3615; x_wconf 80' lang='lat' dir='ltr'>praeteritis,</span> <span class='ocrx_word' id='word_1_246' title='bbox 2737 3534 2964 3617; x_wconf 73' lang='lat' dir='ltr'>adversa</span> <span class='ocrx_word' id='word_1_247' title='bbox 2979 3536 3243 3615; x_wconf 65' lang='lat' dir='ltr'>fitundis</span> <span class='ocrx_word' id='word_1_248' title='bbox 3271 3554 3531 3619; x_wconf 81' lang='lat' dir='ltr'>augura-</span> 
     </span>
     <span class='ocr_line' id='line_1_27' title="bbox 756 3611 3529 3698; baseline 0.001 -27"><span class='ocrx_word' id='word_1_249' title='bbox 756 3612 1091 3689; x_wconf 65' lang='lat' dir='ltr'>questoris.</span> <span class='ocrx_word' id='word_1_250' title='bbox 1143 3613 1300 3675; x_wconf 87' lang='lat' dir='ltr'>Rem</span> <span class='ocrx_word' id='word_1_251' title='bbox 1354 3611 1541 3676; x_wconf 83' lang='lat' dir='ltr'>fufius</span> <span class='ocrx_word' id='word_1_252' title='bbox 1596 3630 1803 3677; x_wconf 82' lang='lat' dir='ltr'>narrat</span> <span class='ocrx_word' id='word_1_253' title='bbox 1868 3612 2101 3677; x_wconf 84' lang='lat' dir='ltr'>Plinius</span> <span class='ocrx_word' id='word_1_254' title='bbox 2179 3633 2304 3692; x_wconf 80' lang='lat' dir='ltr'>tus,</span> <span class='ocrx_word' id='word_1_255' title='bbox 2332 3619 2486 3697; x_wconf 70' lang='lat' dir='ltr'>spem</span> <span class='ocrx_word' id='word_1_256' title='bbox 2504 3617 2748 3698; x_wconf 75' lang='lat' dir='ltr'>Jalutis,</span> <span class='ocrx_word' id='word_1_257' title='bbox 2773 3614 2919 3676; x_wconf 85' lang='lat' dir='ltr'>nullo</span> <span class='ocrx_word' id='word_1_258' title='bbox 2930 3617 3155 3696; x_wconf 72' lang='lat' dir='ltr'>ficorum</span> <span class='ocrx_word' id='word_1_259' title='bbox 3175 3616 3529 3697; x_wconf 56' lang='lat' dir='ltr'>desperante,</span> 
     </span>
     <span class='ocr_line' id='line_1_28' title="bbox 754 3688 2421 3773; baseline 0.005 -23"><span class='ocrx_word' id='word_1_260' title='bbox 754 3690 912 3767; x_wconf 80' lang='lat' dir='ltr'><strong>vll,</strong></span> <span class='ocrx_word' id='word_1_261' title='bbox 957 3692 1069 3771; x_wconf 87' lang='lat' dir='ltr'>Ep.</span> <span class='ocrx_word' id='word_1_262' title='bbox 1112 3711 1215 3771; x_wconf 84' lang='lat'>27.</span> <span class='ocrx_word' id='word_1_263' title='bbox 1258 3690 1335 3751; x_wconf 88' lang='lat' dir='ltr'>Et</span> <span class='ocrx_word' id='word_1_264' title='bbox 1369 3691 1503 3752; x_wconf 85' lang='lat' dir='ltr'>mihi</span> <span class='ocrx_word' id='word_1_265' title='bbox 1551 3688 1828 3771; x_wconf 82' lang='lat' dir='ltr'>discendi,</span> <span class='ocrx_word' id='word_1_266' title='bbox 1876 3690 1938 3752; x_wconf 73' lang='lat' dir='ltr'>Cr·</span> <span class='ocrx_word' id='word_1_267' title='bbox 1997 3691 2101 3753; x_wconf 79' lang='lat' dir='ltr'>tibi</span> <span class='ocrx_word' id='word_1_268' title='bbox 2170 3697 2421 3773; x_wconf 80' lang='lat' dir='ltr'>projecit.</span> 
     </span>
     <span class='ocr_line' id='line_1_29' title="bbox 758 3764 3532 3852; baseline 0.002 -28"><span class='ocrx_word' id='word_1_269' title='bbox 758 3764 984 3829; x_wconf 81' lang='lat' dir='ltr'>docendi</span> <span class='ocrx_word' id='word_1_270' title='bbox 1020 3767 1356 3846; x_wconf 80' lang='lat' dir='ltr'>facultatem</span> <span class='ocrx_word' id='word_1_271' title='bbox 1413 3769 1579 3830; x_wconf 76' lang='lat' dir='ltr'>otium</span> <span class='ocrx_word' id='word_1_272' title='bbox 1636 3769 1861 3845; x_wconf 73' lang='lat' dir='ltr'>prabet.</span> <span class='ocrx_word' id='word_1_273' title='bbox 1916 3769 2103 3852; x_wconf 80' lang='lat' dir='ltr'>Igitur</span> <span class='ocrx_word' id='word_1_274' title='bbox 2260 3786 2281 3830; x_wconf 85' lang='lat'>3</span> <span class='ocrx_word' id='word_1_275' title='bbox 2327 3781 2584 3841; x_wconf 74' lang='lat' dir='ltr'>omno</span> <span class='ocrx_word' id='word_1_276' title='bbox 2629 3776 3002 3839; x_wconf 63' lang='lat' dir='ltr'>Annonam-o</span> <span class='ocrx_word' id='word_1_277' title='bbox 3046 3778 3076 3852; x_wconf 92' lang='lat'>]</span> <span class='ocrx_word' id='word_1_278' title='bbox 3128 3777 3316 3837; x_wconf 89' lang='lat' dir='ltr'>Nunc</span> <span class='ocrx_word' id='word_1_279' title='bbox 3350 3769 3532 3836; x_wconf 64' lang='lat' dir='ltr'>Ham-2</span> 
     </span>
     <span class='ocr_line' id='line_1_30' title="bbox 754 3845 3288 3940; baseline 0.003 -35"><span class='ocrx_word' id='word_1_280' title='bbox 754 3850 1008 3925; x_wconf 74' lang='lat' dir='ltr'>perquam</span> <span class='ocrx_word' id='word_1_281' title='bbox 1066 3845 1230 3909; x_wconf 74' lang='lat' dir='ltr'>velim</span> <span class='ocrx_word' id='word_1_282' title='bbox 1269 3848 1421 3940; x_wconf 66' lang='lat' dir='ltr'>fiire</span> <span class='ocrx_word' id='word_1_283' title='bbox 1441 3894 1463 3926; x_wconf 90' lang='lat'><strong>,</strong></span> <span class='ocrx_word' id='word_1_284' title='bbox 1534 3846 1632 3930; x_wconf 65' lang='lat' dir='ltr'><em>ff</em></span> <span class='ocrx_word' id='word_1_285' title='bbox 1666 3847 2053 3928; x_wconf 77' lang='lat' dir='ltr'>phantasmata</span> <span class='ocrx_word' id='word_1_286' title='bbox 2078 3897 2099 3927; x_wconf 85' lang='lat'><strong>,</strong></span> <span class='ocrx_word' id='word_1_287' title='bbox 2176 3871 2415 3928; x_wconf 78' lang='lat' dir='ltr'>tuamet,</span> <span class='ocrx_word' id='word_1_288' title='bbox 2450 3853 2598 3913; x_wconf 81' lang='lat' dir='ltr'>dans</span> <span class='ocrx_word' id='word_1_289' title='bbox 2633 3850 2684 3913; x_wconf 83' lang='lat' dir='ltr'>le</span> <span class='ocrx_word' id='word_1_290' title='bbox 2714 3872 2966 3934; x_wconf 83' lang='lat' dir='ltr'>rqyaume</span> <span class='ocrx_word' id='word_1_291' title='bbox 3000 3850 3066 3911; x_wconf 83' lang='lat' dir='ltr'>de</span> <span class='ocrx_word' id='word_1_292' title='bbox 3093 3853 3288 3913; x_wconf 80' lang='lat' dir='ltr'>Tanis.</span> 
     </span>
     <span class='ocr_line' id='line_1_31' title="bbox 752 3920 3532 4018; baseline 0.002 -34"><span class='ocrx_word' id='word_1_293' title='bbox 752 3920 838 4015; x_wconf 47' lang='grc' dir='ltr'>(ν.</span> <span class='ocrx_word' id='word_1_294' title='bbox 884 3925 1079 3987; x_wconf 80' lang='lat' dir='ltr'>babere</span> <span class='ocrx_word' id='word_1_295' title='bbox 1111 3945 1389 4004; x_wconf 81' lang='lat' dir='ltr'>proprtam</span> <span class='ocrx_word' id='word_1_296' title='bbox 1435 3924 1692 4018; x_wconf 77' lang='lat' dir='ltr'>figuram</span> <span class='ocrx_word' id='word_1_297' title='bbox 1728 3974 1750 4004; x_wconf 89' lang='lat'><strong>,</strong></span> <span class='ocrx_word' id='word_1_298' title='bbox 1801 3948 2101 4007; x_wconf 83' lang='lat' dir='ltr'>numenque</span> <span class='ocrx_word' id='word_1_299' title='bbox 2253 3942 2285 3981; x_wconf 89' lang='grc'><strong>4</strong></span> <span class='ocrx_word' id='word_1_300' title='bbox 2327 3934 3061 3996; x_wconf 69' lang='lat' dir='ltr'>ConsuLAnnlut’tszM</span> <span class='ocrx_word' id='word_1_301' title='bbox 3084 3933 3114 4007; x_wconf 92' lang='lat'>]</span> <span class='ocrx_word' id='word_1_302' title='bbox 3140 3928 3532 4011; x_wconf 84' lang='lat' dir='ltr'>Dignitatem</span> 
     </span>
     <span class='ocr_line' id='line_1_32' title="bbox 751 4000 3529 4093; baseline 0.001 -31"><span class='ocrx_word' id='word_1_303' title='bbox 751 4000 835 4067; x_wconf 70' lang='lat' dir='ltr'>ab</span> <span class='ocrx_word' id='word_1_304' title='bbox 871 4003 972 4064; x_wconf 81' lang='lat' dir='ltr'>uod</span> <span class='ocrx_word' id='word_1_305' title='bbox 1008 4022 1169 4080; x_wconf 81' lang='lat' dir='ltr'>putes</span> <span class='ocrx_word' id='word_1_306' title='bbox 1190 4052 1211 4082; x_wconf 85' lang='lat'><strong>,</strong></span> <span class='ocrx_word' id='word_1_307' title='bbox 1246 4026 1321 4067; x_wconf 88' lang='lat' dir='ltr'>an</span> <span class='ocrx_word' id='word_1_308' title='bbox 1348 4006 1549 4067; x_wconf 71' lang='lat' dir='ltr'>inania</span> <span class='ocrx_word' id='word_1_309' title='bbox 1587 4005 1649 4067; x_wconf 72' lang='lat' dir='ltr'>Cr·</span> <span class='ocrx_word' id='word_1_310' title='bbox 1685 4028 1837 4068; x_wconf 74' lang='lat' dir='ltr'>vana</span> <span class='ocrx_word' id='word_1_311' title='bbox 1859 4029 1930 4068; x_wconf 80' lang='lat' dir='ltr'>ex</span> <span class='ocrx_word' id='word_1_312' title='bbox 1956 4027 2099 4067; x_wconf 85' lang='lat' dir='ltr'>metu</span> <span class='ocrx_word' id='word_1_313' title='bbox 2176 4008 2247 4073; x_wconf 73' lang='grc' dir='ltr'>δε</span> <span class='ocrx_word' id='word_1_314' title='bbox 2282 4010 2547 4093; x_wconf 66' lang='lat' dir='ltr'>insignia</span> <span class='ocrx_word' id='word_1_315' title='bbox 2578 4008 2962 4086; x_wconf 85' lang='lat' dir='ltr'>consularia,</span> <span class='ocrx_word' id='word_1_316' title='bbox 2992 4024 3063 4071; x_wconf 89' lang='lat' dir='ltr'>ut</span> <span class='ocrx_word' id='word_1_317' title='bbox 3104 4009 3336 4072; x_wconf 88' lang='lat' dir='ltr'>Annal.</span> <span class='ocrx_word' id='word_1_318' title='bbox 3368 4009 3529 4078; x_wconf 88' lang='lat' dir='ltr'><strong>XII,</strong></span> 
     </span>
     <span class='ocr_line' id='line_1_33' title="bbox 756 4082 2276 4179; baseline 0.006 -41"><span class='ocrx_word' id='word_1_319' title='bbox 756 4099 830 4140; x_wconf 87' lang='lat' dir='ltr'>no</span> <span class='ocrx_word' id='word_1_320' title='bbox 900 4104 929 4143; x_wconf 90' lang='grc' dir='ltr'><strong><em>ο</em></strong></span> <span class='ocrx_word' id='word_1_321' title='bbox 955 4082 1249 4175; x_wconf 78' lang='lat' dir='ltr'>imaginem</span> <span class='ocrx_word' id='word_1_322' title='bbox 1287 4086 1556 4161; x_wconf 82' lang='lat' dir='ltr'>accipere.</span> <span class='ocrx_word' id='word_1_323' title='bbox 1594 4083 1716 4166; x_wconf 86' lang='lat' dir='ltr'>Ego</span> <span class='ocrx_word' id='word_1_324' title='bbox 1754 4104 1815 4147; x_wconf 82' lang='lat' dir='ltr'>ut</span> <span class='ocrx_word' id='word_1_325' title='bbox 1849 4086 1945 4179; x_wconf 65' lang='lat' dir='ltr'><em>ff</em></span> <span class='ocrx_word' id='word_1_326' title='bbox 1981 4105 2098 4145; x_wconf 85' lang='lat' dir='ltr'>cre·</span> <span class='ocrx_word' id='word_1_327' title='bbox 2176 4108 2276 4149; x_wconf 86' lang='lat'>21.</span> 
     </span>
     <span class='ocr_line' id='line_1_34' title="bbox 756 4132 3624 4243; baseline 0.002 -29"><span class='ocrx_word' id='word_1_328' title='bbox 756 4156 888 4216; x_wconf 79' lang='lat' dir='ltr'>dam</span> <span class='ocrx_word' id='word_1_329' title='bbox 919 4160 978 4220; x_wconf 89' lang='lat' dir='ltr'>in</span> <span class='ocrx_word' id='word_1_330' title='bbox 1000 4163 1192 4236; x_wconf 70' lang='lat' dir='ltr'>primis</span> <span class='ocrx_word' id='word_1_331' title='bbox 1230 4185 1292 4224; x_wconf 87' lang='lat' dir='ltr'>eo</span> <span class='ocrx_word' id='word_1_332' title='bbox 1319 4163 1484 4225; x_wconf 85' lang='lat' dir='ltr'>ducor</span> <span class='ocrx_word' id='word_1_333' title='bbox 1506 4211 1528 4240; x_wconf 89' lang='lat'>,</span> <span class='ocrx_word' id='word_1_334' title='bbox 1574 4162 1712 4243; x_wconf 80' lang='lat' dir='ltr'>quod</span> <span class='ocrx_word' id='word_1_335' title='bbox 1748 4164 1912 4227; x_wconf 81' lang='lat' dir='ltr'>audto</span> <span class='ocrx_word' id='word_1_336' title='bbox 1944 4164 2098 4224; x_wconf 82' lang='lat' dir='ltr'>acci·</span> <span class='ocrx_word' id='word_1_337' title='bbox 2257 4176 2277 4223; x_wconf 81' lang='lat'>5</span> <span class='ocrx_word' id='word_1_338' title='bbox 2324 4167 2422 4228; x_wconf 70' lang='lat' dir='ltr'>Da</span> <span class='ocrx_word' id='word_1_339' title='bbox 2466 4187 2534 4229; x_wconf 70' lang='lat' dir='ltr'>sa</span> <span class='ocrx_word' id='word_1_340' title='bbox 2577 4168 2991 4241; x_wconf 84' lang='lat' dir='ltr'>Novrus]Se</span> <span class='ocrx_word' id='word_1_341' title='bbox 3012 4184 3225 4239; x_wconf 86' lang='lat' dir='ltr'>teum,</span> <span class='ocrx_word' id='word_1_342' title='bbox 3248 4132 3624 4223; x_wconf 69' lang='lat' dir='ltr'>conscios·</span> 
     </span>
     <span class='ocr_line' id='line_1_35' title="bbox 756 4233 3534 4322; baseline 0.001 -29"><span class='ocrx_word' id='word_1_343' title='bbox 756 4233 820 4295; x_wconf 84' lang='lat' dir='ltr'>di</span> <span class='ocrx_word' id='word_1_344' title='bbox 859 4258 889 4295; x_wconf 86' lang='lat' dir='ltr'>e</span> <span class='ocrx_word' id='word_1_345' title='bbox 909 4236 1096 4300; x_wconf 81' lang='lat' dir='ltr'>Curtio</span> <span class='ocrx_word' id='word_1_346' title='bbox 1125 4239 1286 4316; x_wconf 77' lang='lat' dir='ltr'>Rufo.</span> <span class='ocrx_word' id='word_1_347' title='bbox 1307 4242 1516 4303; x_wconf 84' lang='lat' dir='ltr'>Tenuis</span> <span class='ocrx_word' id='word_1_348' title='bbox 1540 4240 1719 4303; x_wconf 80' lang='lat' dir='ltr'>adhuc</span> <span class='ocrx_word' id='word_1_349' title='bbox 1755 4242 1817 4305; x_wconf 69' lang='lat' dir='ltr'>Cr</span> <span class='ocrx_word' id='word_1_350' title='bbox 1848 4242 2099 4322; x_wconf 71' lang='lat' dir='ltr'>obfturus</span> <span class='ocrx_word' id='word_1_351' title='bbox 2174 4265 2310 4307; x_wconf 88' lang='lat' dir='ltr'>non</span> <span class='ocrx_word' id='word_1_352' title='bbox 2324 4244 2527 4308; x_wconf 87' lang='lat' dir='ltr'>edidit</span> <span class='ocrx_word' id='word_1_353' title='bbox 2543 4244 2816 4309; x_wconf 87' lang='lat' dir='ltr'>Novius.</span> <span class='ocrx_word' id='word_1_354' title='bbox 2834 4239 3534 4309; x_wconf 83' lang='lat' dir='ltr'>VideNotas&amp;Emen-</span> 
     </span>
     <span class='ocr_line' id='line_1_36' title="bbox 756 4315 3161 4403; baseline 0.003 -31"><span class='ocrx_word' id='word_1_355' title='bbox 756 4333 791 4372; x_wconf 84' lang='grc' dir='ltr'><em>ο</em></span> <span class='ocrx_word' id='word_1_356' title='bbox 828 4316 1025 4376; x_wconf 86' lang='lat' dir='ltr'>tinenti</span> <span class='ocrx_word' id='word_1_357' title='bbox 1062 4315 1307 4392; x_wconf 78' lang='lat' dir='ltr'>Africam</span> <span class='ocrx_word' id='word_1_358' title='bbox 1333 4341 1506 4381; x_wconf 86' lang='lat' dir='ltr'>comes</span> <span class='ocrx_word' id='word_1_359' title='bbox 1532 4319 1800 4403; x_wconf 70' lang='lat' dir='ltr'>haeserat:</span> <span class='ocrx_word' id='word_1_360' title='bbox 1826 4321 2097 4382; x_wconf 85' lang='lat' dir='ltr'>inclinato</span> <span class='ocrx_word' id='word_1_361' title='bbox 2173 4322 2463 4387; x_wconf 88' lang='lat' dir='ltr'>dationes</span> <span class='ocrx_word' id='word_1_362' title='bbox 2510 4325 2592 4385; x_wconf 90' lang='lat' dir='ltr'>ad</span> <span class='ocrx_word' id='word_1_363' title='bbox 2637 4323 2864 4386; x_wconf 88' lang='lat' dir='ltr'>Annal.</span> <span class='ocrx_word' id='word_1_364' title='bbox 2898 4326 3023 4394; x_wconf 89' lang='lat' dir='ltr'>XI,</span> <span class='ocrx_word' id='word_1_365' title='bbox 3062 4342 3161 4383; x_wconf 84' lang='lat'>22.</span> 
     </span>
     <span class='ocr_line' id='line_1_37' title="bbox 755 4385 3535 4484; baseline 0.005 -33"><span class='ocrx_word' id='word_1_366' title='bbox 755 4389 846 4478; x_wconf 72' lang='lat' dir='ltr'>die</span> <span class='ocrx_word' id='word_1_367' title='bbox 864 4393 1220 4484; x_wconf 65' lang='lat' dir='ltr'>spatiabatur</span> <span class='ocrx_word' id='word_1_368' title='bbox 1257 4397 1314 4457; x_wconf 90' lang='lat' dir='ltr'>in</span> <span class='ocrx_word' id='word_1_369' title='bbox 1344 4399 1556 4474; x_wconf 77' lang='lat' dir='ltr'>porticu</span> <span class='ocrx_word' id='word_1_370' title='bbox 1582 4423 1601 4457; x_wconf 83' lang='lat'>.-</span> <span class='ocrx_word' id='word_1_371' title='bbox 1636 4422 1665 4460; x_wconf 89' lang='grc' dir='ltr'><em>ο</em></span> <span class='ocrx_word' id='word_1_372' title='bbox 1711 4419 1863 4461; x_wconf 83' lang='lat' dir='ltr'>ertur</span> <span class='ocrx_word' id='word_1_373' title='bbox 1892 4401 1943 4462; x_wconf 87' lang='lat' dir='ltr'>ei</span> <span class='ocrx_word' id='word_1_374' title='bbox 1971 4420 2096 4460; x_wconf 82' lang='lat' dir='ltr'>mu—</span> <span class='ocrx_word' id='word_1_375' title='bbox 2254 4404 2282 4441; x_wconf 84' lang='lat'><strong>⁶</strong></span> <span class='ocrx_word' id='word_1_376' title='bbox 2324 4406 2797 4465; x_wconf 59' lang='lat' dir='ltr'>&amp;tenentum</span> <span class='ocrx_word' id='word_1_377' title='bbox 2822 4410 3300 4479; x_wconf 57' lang='lat' dir='ltr'>GtAmA&#39;roRtffl,</span> <span class='ocrx_word' id='word_1_378' title='bbox 3322 4389 3352 4463; x_wconf 89' lang='grc'>]</span> <span class='ocrx_word' id='word_1_379' title='bbox 3375 4385 3535 4449; x_wconf 66' lang='lat' dir='ltr'>Inde</span> 
     </span>
     <span class='ocr_line' id='line_1_38' title="bbox 752 4464 3537 4560; baseline 0.004 -31"><span class='ocrx_word' id='word_1_380' title='bbox 752 4467 908 4532; x_wconf 81' lang='lat' dir='ltr'>Item</span> <span class='ocrx_word' id='word_1_381' title='bbox 922 4472 1125 4553; x_wconf 82' lang='lat' dir='ltr'>figura</span> <span class='ocrx_word' id='word_1_382' title='bbox 1150 4520 1169 4548; x_wconf 93' lang='lat'>,</span> <span class='ocrx_word' id='word_1_383' title='bbox 1211 4472 1445 4536; x_wconf 75' lang='lat' dir='ltr'>humana</span> <span class='ocrx_word' id='word_1_384' title='bbox 1489 4497 1635 4558; x_wconf 83' lang='lat' dir='ltr'>gran</span> <span class='ocrx_word' id='word_1_385' title='bbox 1676 4482 1760 4539; x_wconf 85' lang='lat' dir='ltr'>ior·</span> <span class='ocrx_word' id='word_1_386' title='bbox 1788 4478 2100 4553; x_wconf 81' lang='lat' dir='ltr'>pulchrior-</span> <span class='ocrx_word' id='word_1_387' title='bbox 2169 4483 2436 4543; x_wconf 85' lang='lat' dir='ltr'>Sueton.</span> <span class='ocrx_word' id='word_1_388' title='bbox 2461 4479 2530 4539; x_wconf 88' lang='lat' dir='ltr'>in</span> <span class='ocrx_word' id='word_1_389' title='bbox 2555 4481 2783 4541; x_wconf 88' lang='lat' dir='ltr'>Claud.</span> <span class='ocrx_word' id='word_1_390' title='bbox 2823 4480 3050 4540; x_wconf 88' lang='lat' dir='ltr'><strong>XXIV.</strong></span> <span class='ocrx_word' id='word_1_391' title='bbox 3091 4468 3332 4560; x_wconf 68' lang='lat' dir='ltr'><em>qulegm</em></span> <span class='ocrx_word' id='word_1_392' title='bbox 3360 4464 3537 4540; x_wconf 61' lang='lat' dir='ltr'><em>‘1¹¹aess</em></span> 
     </span>
     <span class='ocr_line' id='line_1_39' title="bbox 755 4546 3543 4632; baseline -0.005 -24"><span class='ocrx_word' id='word_1_393' title='bbox 755 4567 854 4627; x_wconf 71' lang='lat' dir='ltr'>que</span> <span class='ocrx_word' id='word_1_394' title='bbox 875 4574 897 4607; x_wconf 85' lang='lat'>.-</span> <span class='ocrx_word' id='word_1_395' title='bbox 935 4550 1227 4625; x_wconf 80' lang='lat' dir='ltr'>perterrito</span> <span class='ocrx_word' id='word_1_396' title='bbox 1257 4552 1510 4628; x_wconf 77' lang='lat' dir='ltr'>Africam</span> <span class='ocrx_word' id='word_1_397' title='bbox 1523 4555 1589 4631; x_wconf 76' lang='lat' dir='ltr'>st:</span> <span class='ocrx_word' id='word_1_398' title='bbox 1607 4553 1921 4630; x_wconf 83' lang='lat' dir='ltr'>futurorum</span> <span class='ocrx_word' id='word_1_399' title='bbox 1946 4576 2099 4632; x_wconf 82' lang='lat' dir='ltr'>prae-</span> <span class='ocrx_word' id='word_1_400' title='bbox 2172 4576 2349 4616; x_wconf 84' lang='lat' dir='ltr'>torum</span> <span class='ocrx_word' id='word_1_401' title='bbox 2368 4576 2467 4630; x_wconf 82' lang='lat' dir='ltr'>pro</span> <span class='ocrx_word' id='word_1_402' title='bbox 2477 4554 2736 4631; x_wconf 73' lang='lat' dir='ltr'>stratura</span> <span class='ocrx_word' id='word_1_403' title='bbox 2764 4555 2980 4615; x_wconf 75' lang='lat' dir='ltr'>viarum</span> <span class='ocrx_word' id='word_1_404' title='bbox 3008 4546 3386 4632; x_wconf 82' lang='lat' dir='ltr'>gladtatorum</span> <span class='ocrx_word' id='word_1_405' title='bbox 3420 4557 3543 4596; x_wconf 80' lang='lat' dir='ltr'>mu-</span> 
     </span>
     <span class='ocr_line' id='line_1_40' title="bbox 755 4622 3549 4713; baseline -0 -27"><span class='ocrx_word' id='word_1_406' title='bbox 755 4627 1004 4688; x_wconf 74' lang='lat' dir='ltr'>nuntiam</span> <span class='ocrx_word' id='word_1_407' title='bbox 1022 4626 1208 4689; x_wconf 82' lang='lat' dir='ltr'>dixit:</span> <span class='ocrx_word' id='word_1_408' title='bbox 1237 4631 1443 4692; x_wconf 84' lang='lat' dir='ltr'>iturum</span> <span class='ocrx_word' id='word_1_409' title='bbox 1462 4631 1604 4691; x_wconf 83' lang='lat' dir='ltr'>enim</span> <span class='ocrx_word' id='word_1_410' title='bbox 1635 4638 1904 4713; x_wconf 82' lang='lat' dir='ltr'>Romam,</span> <span class='ocrx_word' id='word_1_411' title='bbox 1935 4633 2100 4694; x_wconf 81' lang='lat' dir='ltr'>hono·</span> <span class='ocrx_word' id='word_1_412' title='bbox 2171 4653 2283 4693; x_wconf 84' lang='lat' dir='ltr'>nus</span> <span class='ocrx_word' id='word_1_413' title='bbox 2328 4632 2601 4709; x_wconf 80' lang='lat' dir='ltr'>injunxit.</span> <span class='ocrx_word' id='word_1_414' title='bbox 2650 4632 2984 4694; x_wconf 81' lang='lat' dir='ltr'>Necessitas</span> <span class='ocrx_word' id='word_1_415' title='bbox 3044 4626 3155 4687; x_wconf 80' lang='lat' dir='ltr'>ina</span> <span class='ocrx_word' id='word_1_416' title='bbox 3193 4645 3230 4685; x_wconf 88' lang='lat' dir='ltr'>a</span> <span class='ocrx_word' id='word_1_417' title='bbox 3271 4622 3549 4681; x_wconf 71' lang='lat' dir='ltr'>Nerone</span> 
     </span>
     <span class='ocr_line' id='line_1_41' title="bbox 756 4694 3556 4793; baseline -0.014 -7"><span class='ocrx_word' id='word_1_418' title='bbox 756 4705 930 4785; x_wconf 60' lang='lat' dir='ltr'><em>&#39;efflue</em></span> <span class='ocrx_word' id='word_1_419' title='bbox 964 4706 1231 4788; x_wconf 68' lang='lat' dir='ltr'>gesturum</span> <span class='ocrx_word' id='word_1_420' title='bbox 1254 4756 1273 4786; x_wconf 91' lang='lat'>‚</span> <span class='ocrx_word' id='word_1_421' title='bbox 1323 4729 1486 4790; x_wconf 83' lang='lat' dir='ltr'>atque</span> <span class='ocrx_word' id='word_1_422' title='bbox 1532 4711 1694 4772; x_wconf 86' lang='lat' dir='ltr'>etiam</span> <span class='ocrx_word' id='word_1_423' title='bbox 1739 4735 1859 4774; x_wconf 84' lang='lat' dir='ltr'>cum</span> <span class='ocrx_word' id='word_1_424' title='bbox 1886 4715 2101 4793; x_wconf 84' lang='lat' dir='ltr'>summo</span> <span class='ocrx_word' id='word_1_425' title='bbox 2175 4710 2383 4788; x_wconf 84' lang='lat' dir='ltr'>postea</span> <span class='ocrx_word' id='word_1_426' title='bbox 2426 4706 2683 4783; x_wconf 83' lang='lat' dir='ltr'>ablata,</span> <span class='ocrx_word' id='word_1_427' title='bbox 2720 4706 2927 4768; x_wconf 87' lang='lat' dir='ltr'>Tacit.</span> <span class='ocrx_word' id='word_1_428' title='bbox 2976 4703 3199 4767; x_wconf 85' lang='lat' dir='ltr'>Annal.</span> <span class='ocrx_word' id='word_1_429' title='bbox 3251 4694 3444 4763; x_wconf 86' lang='lat' dir='ltr'><strong>XIII,</strong></span> <span class='ocrx_word' id='word_1_430' title='bbox 3485 4708 3556 4765; x_wconf 86' lang='grc' dir='ltr'>ς.</span> 
     </span>
     <span class='ocr_line' id='line_1_42' title="bbox 757 4777 3564 4870; baseline 0.002 -25"><span class='ocrx_word' id='word_1_431' title='bbox 757 4781 974 4856; x_wconf 77' lang='lat' dir='ltr'>imperio</span> <span class='ocrx_word' id='word_1_432' title='bbox 998 4787 1057 4847; x_wconf 89' lang='lat' dir='ltr'>in</span> <span class='ocrx_word' id='word_1_433' title='bbox 1089 4786 1328 4849; x_wconf 80' lang='lat' dir='ltr'>eamdem</span> <span class='ocrx_word' id='word_1_434' title='bbox 1392 4789 1693 4853; x_wconf 77' lang='lat' dir='ltr'>rovinciam</span> <span class='ocrx_word' id='word_1_435' title='bbox 1725 4793 2100 4870; x_wconf 73' lang='lat' dir='ltr'>reverfitrum,</span> <span class='ocrx_word' id='word_1_436' title='bbox 2174 4806 2213 4846; x_wconf 89' lang='lat' dir='ltr'>a</span> <span class='ocrx_word' id='word_1_437' title='bbox 2250 4781 2635 4868; x_wconf 74' lang='lat' dir='ltr'>Domitiano</span> <span class='ocrx_word' id='word_1_438' title='bbox 2685 4784 2915 4850; x_wconf 84' lang='lat' dir='ltr'>iterum</span> <span class='ocrx_word' id='word_1_439' title='bbox 2945 4782 3235 4858; x_wconf 46' lang='lat' dir='ltr'>indust&amp;</span> <span class='ocrx_word' id='word_1_440' title='bbox 3278 4777 3564 4836; x_wconf 60' lang='lat' dir='ltr'>sueton‘</span> 
     </span>
    </p>

    <p class='ocr_par' dir='ltr' id='par_1_9' title="bbox 554 4810 2681 4953">
     <span class='ocr_line' id='line_1_43' title="bbox 554 4810 2681 4953; baseline 0 -27"><span class='ocrx_word' id='word_1_441' title='bbox 554 4874 597 4893; x_wconf 81' lang='grc'>··</span> <span class='ocrx_word' id='word_1_442' title='bbox 738 4859 932 4943; x_wconf 64' lang='grc' dir='ltr'>τι’ὖίςιιε</span> <span class='ocrx_word' id='word_1_443' title='bbox 962 4865 1296 4936; x_wconf 80' lang='lat' dir='ltr'>morituram.</span> <span class='ocrx_word' id='word_1_444' title='bbox 1339 4810 1662 4950; x_wconf 52' lang='lat' dir='ltr'>factasunt</span> <span class='ocrx_word' id='word_1_445' title='bbox 1694 4866 2105 4953; x_wconf 32' lang='lat' dir='ltr'>omnianProe-</span> <span class='ocrx_word' id='word_1_446' title='bbox 2177 4862 2249 4927; x_wconf 87' lang='lat' dir='ltr'>in</span> <span class='ocrx_word' id='word_1_447' title='bbox 2277 4860 2521 4926; x_wconf 73' lang='lat' dir='ltr'>Domtt.</span> <span class='ocrx_word' id='word_1_448' title='bbox 2553 4860 2681 4926; x_wconf 75' lang='lat' dir='ltr'>IV.</span> 
     </span>
    </p>
   </div>
  </div>
 </body>
</html>
