4975 6149
1509 459 1696 544 '194
1956 437 2054 527 C.
2189 421 3085 525 CORNELII
3213 427 3855 517 TACITI

1230 632 1467 677 Ξ
1528 598 1887 688 «Solum
1923 597 2474 684 incolumitati
2522 596 2922 711 Principis
2973 597 3348 684 adversus
3408 595 3917 693 insidiantem
3961 626 4301 690 matrem

1232 707 1465 773 ᾼ.υ.(3.

1271 804 1421 884 815.

1264 907 1314 958 J.
1348 910 1411 959 C.

1291 1003 1399 1071 62.

1511 727 2024 814 »subvenisse
2054 762 2071 810 ε
2105 725 2387 812 locum
2435 726 2652 812 haud
2702 727 3035 812 minoris
3083 726 3353 839 gratiae
3388 723 3674 808 instare
3701 785 3729 829 ,
3767 724 3826 805 fi
3858 724 4299 843 conjugem

1512 854 1969 942 »infensam
2002 851 2444 969 depelleret
2490 888 2509 937 t
2550 884 2705 940 nec
2742 883 2987 939 manu
3013 882 3151 940 aut
3185 849 3358 937 telo
3396 881 3628 965 opus,
3666 855 3737 938 F
3741 876 4090 940 ateretur
4123 860 4298 944 Oc-

1509 1020 1558 1066 »
1578 987 1805 1070 taviae
1849 981 2358 1069 adulterium.
2401 978 2765 1067 Occulta
2791 982 3120 1092 quidem
3148 979 3250 1066 ad
3285 978 3622 1094 praesens
3650 1040 3679 1085 ,
3728 980 3866 1066 sed
3899 1014 4189 1097 magna
4214 989 4293 1070 ei

1509 1149 1557 1192 υ
1576 1115 1897 1229 praemia
1918 1170 1948 1216 ,
1980 1120 2063 1195 ὅ(
2096 1110 2433 1199 seceffus
2460 1139 2829 1194 amoenos
2861 1143 2907 1186 »
2935 1109 3342 1224 promittit
3378 1139 3395 1189 ε
3442 1138 3488 1182 «
3520 1104 3655 1190 vel
3697 1107 3754 1190 fi
3788 1112 4227 1223 negavisset
4260 1136 4293 1217 ,‘
4406 1146 4452 1226 5

1509 1267 1866 1325 »necem
1895 1273 1941 1316 >2
2000 1240 2372 1323 intentat.
2428 1234 2585 1322 Ille
2625 1231 2852 1320 insita
2888 1232 3274 1322 vecordia
3303 1294 3331 1338 ,
3370 1241 3455 1318 ὅ(
3503 1232 3898 1322 facilitate
3929 1240 4289 1353 priorum

1510 1368 2049 1479 flagitiorum,
2079 1362 2310 1481 plura
2326 1365 2573 1448 etiam
2606 1374 2668 1469 ¹,
2685 1362 2925 1476 quam
2948 1364 3237 1471 juffum
3269 1386 3439 1446 erat
3459 1421 3491 1466 ‚
3516 1363 3794 1477 fingit,
3833 1365 4292 1478 fateturque

1510 1493 1727 1610 apud
1755 1495 2061 1577 amicos
2076 1552 2104 1596 ,
2143 1520 2345 1600 quos
2372 1489 2601 1576 velut
2633 1489 2972 1577 confilio
2995 1488 3466 1576 adhibuerat
3490 1490 3899 1606 Princeps.
3956 1493 4176 1577 Tum
4200 1496 4290 1576 in

1507 1620 1966 1706 Sardiniam
1993 1626 2021 1662 ²
2055 1615 2386 1733 pellitur
2409 1678 2439 1724 ,
2464 1617 2606 1704 ubi
2649 1649 2819 1705 non
2874 1622 3110 1734 inops
3142 1614 3506 1702 exfilium
3548 1614 3973 1723 toleravit,
4003 1627 4088 1704 ὅ(
4114 1620 4285 1705 fato

1506 1746 1738 1833 obiit.
4349 1774 4378 1828 1
4399 1775 4450 1837 o

1629 1870 1993 1955 LXIII.
2061 1872 2210 1956 AT
2278 1874 2369 1956 Ν
2384 1898 2496 1956 ER
2517 1901 2572 1973 o
2586 1932 2617 1977 ,
2685 1907 2731 1949 «
2755 1872 3211 1989 praefestum
3244 1873 3330 1956 in
3365 1870 3584 1986 spem
3609 1871 4003 1957 sociandae
4033 1868 4285 1958 classis

1500 2025 2049 2112 »corruptum
2082 2010 2104 2059 ³
2137 2036 2184 2079 >2
2216 2058 2244 2103 ,
2302 2006 2387 2083 ὅ(
2417 2000 2795 2085 incusatae
2847 1998 3126 2115 paullo
3171 1998 3357 2084 ante
3399 1996 3890 2084 «sterilitatis
3918 2010 3958 2059 ⁴
3984 2032 4030 2076 »
4077 1997 4290 2084 obli-

1498 2152 1673 2230 tus,
1720 2160 1767 2203 «
1795 2124 2111 2211 abaEtos
2164 2152 2433 2239 partus
2490 2124 2991 2211 conscientia
3048 2123 3534 2226 libidinum,
3589 2153 3841 2233 eaque
3870 2123 4011 2207 fibi
4054 2157 4289 2211 com-

1497 2278 1790 2364 »perta
1819 2287 1863 2329 »
1882 2310 1911 2354 ,
1978 2252 2239 2335 edicio
2294 2277 2692 2335 memorat
2755 2284 2774 2331 ε
2841 2247 3257 2360 insulaque
3295 2247 3767 2334 Pandataria
3801 2259 3828 2316 5
3858 2252 4287 2335 Ofiaviam

1499 2374 1834 2462 claudit.
1884 2380 1978 2461 Ν
1981 2408 2090 2460 on
2135 2374 2293 2462 alia
2332 2373 2562 2462 exsul
2612 2375 3047 2459 visentium
3086 2371 3375 2461 oculos
3402 2370 3708 2481 majore
3732 2373 4283 2463 misericordia
4355 2406 4449 2488 15

1498 2502 1826 2589 adfecit.
1875 2505 2430 2587 Meminerant
2468 2504 2735 2589 adhuc
2775 2502 3101 2613 quidam
3125 2504 3588 2619 Agrippinae
3621 2533 3666 2586 a
3691 2502 4026 2587 Tiberio
4056 2500 4121 2599 ⁶3
4150 2533 4282 2589 re-

1498 2632 1816 2716 centior
1870 2627 2103 2720 Juliae
2140 2633 2533 2717 memoria
2576 2640 2606 2689 ⁷
2646 2628 3271 2733 obversabatur,
3319 2660 3364 2714 a
3406 2627 3763 2714 Claudio
3813 2625 4080 2743 pulsae.
4115 2629 4281 2715 Sed

1490 2753 1659 2841 illis
1694 2754 1941 2841 robur
1965 2760 2212 2842 aetatis
2236 2758 2625 2843 adfuerat.
2666 2758 2889 2841 Laeta
2933 2754 3199 2868 aliqua
3237 2755 3607 2841 viderant
3636 2815 3664 2858 ,
3698 2763 3780 2840 ὅ(
3811 2756 4283 2870 praesentem

1398 2878 1410 2886 ’
1489 2883 1873 2968 saevitiam
1914 2882 2273 2969 melioris
2320 2883 2522 2969 olim
2570 2884 2910 2968 fortunae
2946 2883 3511 2968 recordatione
3543 2879 4026 2968 allevabant.
4048 2885 4281 2968 Huic

1489 3011 1838 3126 primum
1864 3014 2329 3126 nuptiarum
2365 3012 2537 3098 dies
2561 3009 2756 3098 loco
2792 3011 3094 3097 funeris
3118 3010 3315 3114 fuit,
3347 3008 3696 3095 deductae
3723 3012 3809 3094 in
3833 3009 4171 3095 domurn
4196 3004 4228 3056 ⁸
4242 3068 4273 3115 ‚
4328 3039 4453 3094 20

1490 3140 1580 3220 in
1608 3137 1762 3248 qua
1791 3137 1999 3222 nihil
2026 3141 2170 3221 nisi
2191 3136 2646 3224 luauosum
2675 3139 3007 3226 haberet
3030 3199 3058 3243 ‚
3088 3164 3371 3253 erepto
3393 3167 3536 3252 per
3570 3167 3978 3222 venenum
3992 3163 4214 3252 patre
4242 3196 4275 3244 ‚

1419 3341 1428 3346 .
1489 3270 1579 3348 &
1608 3266 1867 3349 statim
1915 3265 2157 3352 fratre
2197 3277 2231 3328 ⁹
2277 3303 2295 3351 ε
2333 3293 2509 3352 tum
2572 3263 2963 3353 ancilla10
2987 3262 3319 3351 domina
3354 3261 3699 3349 validior
3735 3298 3752 3348 ε
3813 3272 3898 3349 &
3933 3267 4277 3380 Poppaea

1487 3420 1660 3476 non
1696 3393 1838 3475 nifi
1878 3394 1965 3476 in
1995 3396 2440 3508 perniciem
2468 3397 2745 3480 uxoris
2789 3419 3044 3511 nupta
3093 3428 3111 3476 ε
3149 3393 3549 3509 postremo
3579 3393 3887 3477 crimen
3915 3401 3978 3439 ¹¹
4041 3393 4283 3500 omni¹

1487 3519 1744 3604 exitio
1772 3521 2128 3631 gravius.

1568 3792 1591 3824 ¹
1636 3784 1856 3848 Pruna
1894 3787 2146 3863 nrum]
2177 3787 2333 3852 Non
2358 3789 2559 3854 modo
2599 3788 2842 3854 adulte-
2914 3789 3279 3855 Germanici
3300 3810 3465 3855 uxor
3486 3836 3505 3867 ,
3530 3809 3566 3855 a
3595 3784 3863 3851 Tiberio
3884 3785 4271 3849 inPandata·

1480 3859 1646 3925 rium
1676 3861 2089 3954 fateamsed
2139 3865 2323 3956 fingit
2367 3868 2428 3931 se
2472 3885 2837 3949 corruptum
2911 3869 3069 3934 riam
3097 3872 3374 3950 projesta
3401 3917 3423 3946 ,
3477 3886 3548 3932 ut
3596 3866 3870 3929 diximus
3907 3864 3976 3925 in
4002 3866 4266 3947 Supple-

1480 3955 1555 4001 ut
1599 3941 1847 4004 classem
1881 3942 2279 4031 Misenatmm
2317 3947 2584 4011 sociaret
2607 3995 2628 4024 ‚
2663 3949 2733 4014 &
2768 3948 2837 4012 in
2910 3966 3133 4013 mento
3147 3949 3374 4012 Annal.
3402 3953 3484 4022 V,
3513 3967 3611 4007 ¹²·

1590 4031 1682 4080 tes
1712 4023 1990 4085 Οᾶεινιε
2019 4023 2310 4089 advetsiis
2347 4027 2678 4090 Neronem
2711 4045 2839 4094 tra-
2986 4039 3014 4081 7
3056 4032 3259 4090 Juma
3300 4046 3611 4088 munerun
3642 4026 3674 4100 ]
3733 4019 3951 4091 Julian,
3996 4023 4265 4086 Germa-

1523 4112 1681 4158 etet.
2910 4105 3040 4169 nici
3075 4107 3146 4169 &
3171 4102 3525 4184 Agrippinae
3553 4100 3698 4164 filiae
3726 4148 3746 4175 ‚
3790 4099 4075 4164 exfilium
4097 4121 4271 4164 mor-

1559 4183 1588 4214 ²
1629 4177 1707 4270 ῙιιΑ
1741 4176 2165 4257 Summam]
2213 4176 2829 4321 L’ffideSardaigne,
2909 4201 3165 4264 temque
3198 4179 3690 4246 memorabimus
3715 4180 3783 4271 in
3811 4184 3894 4244 Su
3940 4181 4262 4261 plemento

1477 4250 1572 4343 de·
1591 4273 1715 4335 qua
1739 4255 1904 4318 Mela
1947 4261 2053 4333 11,
2088 4280 2150 4339 7.
2176 4261 2311 4349 35¹¹.
2400 4281 2463 4323 ra
2485 4261 2699 4336 fertilis
2720 4311 2740 4340 ,
2771 4264 2831 4324 Cr·
2908 4264 3139 4326 Annal.
3176 4265 3303 4337 lx,
3338 4284 3423 4341 ²4
3449 4263 3521 4328 δε
3549 4266 3658 4340 48.
3684 4259 3851 4326 vide
3890 4201 3962 4327 gt

1454 4329 1613 4412 Jblt,
1659 4354 1821 4414 quam
1867 4335 1991 4398 coeli
2023 4384 2043 4414 ,
2100 4335 2341 4398 meltum
2388 4363 2407 4397 .-
2464 4358 2627 4421 atque
2665 4360 2727 4401 ut
2741 4342 2835 4419 fe-
2910 4341 3218 4407 Caesarum
3240 4389 3260 4418 ,
3290 4362 3466 4405 num.
3491 4362 3600 4422 97.

1475 4409 1659 4472 cunda
1681 4460 1702 4489 ‚
1736 4413 1819 4475 ita
1841 4435 1982 4490 pene
2004 4414 2279 4497 pestilens.
2874 4487 2875 4492 γ
2988 4421 3012 4461 ⁸
3058 4425 3123 4484 Iu
3159 4425 3452 4499 nouum]
3489 4424 3563 4483 ln
3594 4420 3856 4484 domum
3883 4413 4179 4480 Neronis.

1556 4500 1580 4544 Ξ
1628 4494 2106 4573 Canama-uu]
2166 4496 2363 4573 Quod
2425 4497 2506 4560 ab
2553 4495 2829 4565 Aniceto
2986 4510 3013 4550 ⁹
3057 4503 3318 4576 Pmnn,
3346 4520 3685 4565 usn-rm
3728 4499 4021 4572 rumne]
4069 4491 4261 4554 Clau-

1476 4569 1821 4635 confictum
1840 4576 2039 4641 modo
2069 4574 2363 4638 diximus.
2908 4579 3019 4643 dio
3057 4596 3228 4660 patre
3246 4627 3266 4658 ‚
3292 4577 3481 4642 fratte
3502 4577 3890 4641 Britannico.
3968 4624 4012 4660 .-

1554 4655 1587 4694 ⁴
1623 4651 2118 4740 Graan-runs]
2157 4655 2508 4719 Incusatam
2551 4655 2824 4721 sterilita-
2991 4669 3048 4699 ¹⁰
3090 4661 3246 4721 Tun
3280 4659 3603 4732 Ancum]
3645 4660 3791 4717 Acte
3824 4698 3845 4728 ,
3876 4647 4106 4712 ancllla
4130 4689 4149 4718 2
4174 4645 4256 4708 de

1476 4735 1608 4787 tem
1638 4729 1912 4794 vidimus
1940 4753 2073 4815 cap.
2099 4742 2207 4798 6o.
2906 4736 3032 4878 {aa
3056 4738 3289 4802 dietum
3316 4738 3399 4803 est
3428 4736 3603 4814 supi-i
3641 4743 3774 4813 cap.
3818 4750 3878 4792 2.
3912 4729 3982 4792 ὃς
4020 4725 4252 4787 Annal-

1559 4809 1584 4892 ξ
1641 4805 2003 4896 lusuzqqun
2069 4815 2497 4878 ΡΑιιῡΑτΑπῐΛ
2531 4814 2565 4890 ]
2660 4810 2830 4897 L'zsse
2972 4818 3103 4891 111,
3158 4824 3262 4894 46.

1474 4874 1681 4941 Samte
1705 4880 1898 4945 Mane
1940 4886 2009 4948 in
2035 4892 2387 4955 Puteolano
2413 4891 2566 4954 finu.
2990 4905 3041 4936 ¹¹
3064 4898 3408 4958 Pom-nuo
3444 4891 3724 4967 cumen]
3758 4887 4026 4966 Abassos
4048 4900 4260 4968 partus

1550 4959 1582 4999 ⁶
1619 4959 1988 5026 Acunum
2018 4987 2060 5028 A
2087 4969 2427 5048 Tmaro]
2457 4968 2828 5055 Agrippina,
2903 4973 3292 5042 conscienua
3314 4969 3683 5039 hbldmum·

3989 4262 4267 4325 Stemma
