4975 6149
1291 673 1529 720 ἕξει
1572 640 1696 731 tra
1723 702 1754 747 ,
1799 637 1940 724 fibi
1986 668 2310 752 quoque
2353 640 2820 724 destinatam
2879 666 3230 725 mortem
3294 641 3706 727 adseverat
3734 654 3809 746 ¹,
3868 657 4361 759 manumque

1295 752 1529 806 AALC.

1336 848 1484 908 818.

1329 953 1379 1002 J.
1413 954 1474 1003 C.

1353 1048 1464 1124 65.

1559 454 1763 585 '246
2019 475 2117 560 c,
2251 471 3146 562 CORNELII
3272 465 3914 562 TAchI

1576 768 2051 889 percussoris
2106 769 2504 883 exposcit.
2543 768 2764 851 Tum
2795 768 3111 852 Seneca
3133 828 3162 871 ,
3193 765 3469 881 gloriae
3505 765 3678 876 ejus
3708 800 3877 854 non
3929 770 4306 859 adversus
4328 834 4359 882 ,

1575 895 1807 981 simul
1848 925 2122 981 amore
2148 954 2179 999 ,
2232 926 2336 979 ne
2384 892 2528 979 fibi
2572 894 2816 978 unice
2854 892 3224 978 dileRam
3276 896 3378 980 ad
3422 892 4351 1010 injuriasfrelinqueret:

1591 1061 1637 1103 (ι
1660 1027 1868 1112 Vitae
1898 1059 1942 1100 »
1961 1084 1990 1128 ,
2027 1025 2288 1134 inquit
2310 1083 2339 1127 ,
2395 1058 2440 1099 ι(
2471 1018 2996 1107 delinimenta
3046 1024 3672 1107 monstraveram
3708 1021 3909 1129 tibi,
3948 1051 4038 1109 tu
4069 1031 4354 1114 mortis

1572 1152 1886 1237 »decus
1938 1152 2236 1235 mavis:
2284 1181 2453 1235 non
2515 1146 2904 1239 invidebo
2963 1148 3373 1265 exemplo.
3423 1153 3550 1237 Sit
3589 1147 3826 1256 hujus
3879 1178 4047 1237 tam
4115 1154 4353 1242 fortis

1571 1281 1898 1364 »exitiis
1950 1279 2394 1364 constantia
2448 1306 2697 1392 penes
2747 1277 3129 1389 utrosque
3200 1307 3341 1392 par
3373 1335 3402 1380 ,
3466 1274 3967 1362 claritudinis
4034 1277 4215 1394 plus
4263 1284 4351 1368 in

1569 1435 1783 1492 »tuo
1813 1409 2000 1490 ‘fine
2037 1441 2126 1488 ».
2169 1407 2353 1489 Post
2409 1435 2580 1517 quae
2606 1464 2632 1508 ,
2691 1403 2982 1488 eodem
3038 1407 3198 1487 istu
3250 1402 3579 1489 brachia
3623 1405 3838 1489 ferro
3889 1404 4350 1494 exsolvunt.

1568 1539 1888 1620 Seneca
1915 1593 1944 1637 ,
1989 1535 2372 1645 quoniam
2416 1530 2666 1615 senile
2715 1561 3060 1646 corpus,
3114 1538 3197 1615 ὅ(
3241 1561 3487 1646 parco
3530 1535 3744 1617 viEtu
3783 1540 3813 1576 ²
3868 1557 4289 1618 tenuatum
4318 1594 4348 1638 ‚

1570 1660 1795 1745 lenta
1852 1661 2153 1772 effugia
2217 1659 2584 1773 sanguini
2637 1657 3083 1774 praebebat,
3154 1688 3478 1742 crurum
3552 1688 3872 1770 quoque
3937 1667 4020 1744 ὅ(
4077 1658 4349 1776 popli·-

1563 1813 1749 1871 tum
1802 1816 2045 1870 venas
2085 1784 2514 1900 abrumpit.
2554 1787 2953 1896 Saevisque
2993 1784 3481 1871 cruciatibus
3528 1786 3864 1870 defessus
3890 1844 3916 1888 ,
3954 1816 4057 1870 ne
4104 1785 4343 1872 dolo-

1572 1945 1661 1998 re
1702 1914 1846 1998 suo
1907 1916 2266 1998 animum
2323 1915 2600 1998 uxoris
2660 1913 3137 2028 infringeret
3172 1972 3201 2017 ,
3253 1940 3493 2024 atque
3547 1913 3716 2028 ipse
3780 1912 4115 1996 visendo
4176 1910 4346 2020 ejus

1567 2066 2031 2143 tormenta,
2071 2040 2171 2124 ad
2209 2041 2798 2154 impatientiam
2839 2038 3392 2143 delaberetur,
3432 2039 3708 2123 suadet
3749 2072 3793 2114 α
3822 2041 3908 2121 in
3954 2037 4171 2125 aliud
4205 2071 4346 2125 cu·-

1571 2163 2005 2249 »biculum
2059 2164 2486 2251 abscedere
2531 2199 2619 2248 ».
2666 2165 2773 2247 Et
2823 2166 3247 2250 noviffimo
3321 2194 3643 2275 quoque
3685 2193 4109 2250 momento
4158 2167 4347 2281 sup-

1571 2292 1984 2405 peditante
2024 2286 2489 2400 eloquentia
2517 2348 2545 2393 ,
2598 2290 3011 2373 advocatis
3054 2288 3576 2403 scriptoribus
3607 2347 3633 2391 ,
3680 2287 4062 2403 pleraque
4104 2294 4347 2377 tradi-

1572 2417 1692 2501 dit
1721 2426 1795 2519 ³,
1844 2406 2053 2527 quae,
2080 2419 2168 2499 in
2196 2413 2489 2528 vulgus
2540 2415 2754 2499 edita
2783 2411 2954 2521 ejus
2984 2413 3290 2518 verbis,
3327 2418 3727 2499 invertere
3761 2415 4244 2530 supersedeo
4282 2429 4344 2505 ⁴.

1697 2542 2046 2629 LXIV.
2112 2543 2261 2625 AT
2321 2546 2409 2626 N
2425 2567 2663 2646 ERo,
2721 2539 2954 2625 nullo
3026 2546 3113 2624 in
3190 2540 3644 2627 Paullinam
3705 2546 4037 2657 proprio
4101 2545 4347 2650 odio,

1567 2698 1668 2757 ac
1721 2697 1826 2752 ne
1875 2666 2251 2779 glisceret
2294 2669 2599 2753 invidia
2650 2667 3147 2753 crudelitatis
3173 2728 3202 2772 ,
3259 2702 3304 2743 «
3341 2667 3693 2752 inhiberi
3732 2695 4081 2752 mortem
4108 2708 4153 2749 »
4192 2675 4347 2755 im-

1573 2821 1826 2914 perat.
1874 2795 2417 2880 Hortantibus
2483 2792 2876 2887 militibus
2904 2854 2933 2900 ,
2987 2796 3194 2879 servi
3258 2791 3687 2907 libertique
3739 2792 4106 2908 obligant
4166 2796 4348 2883 bra·-

1572 2924 1757 3009 chia
1783 2979 1812 3025 ,
1878 2914 2254 3036 premunt
2300 2922 2771 3037 sanguinem
2798 2980 2827 3026 ,
2872 2924 3289 3013 incertum·
3318 2951 3419 3004 an
3460 2924 3777 3033 ignarae.
3822 2925 4041 3006 Nam
4066 2981 4095 3027 ,
4125 2950 4215 3007 ut
4240 2926 4350 3008 est

1563 3046 1862 3161 vulgus
1907 3049 2005 3133 ad
2044 3048 2440 3134 deteriora
2480 3074 2947 3166 promptum
2978 3110 3006 3155 ,
3053 3080 3223 3134 non
3273 3047 3601 3134 defuere
3625 3110 3654 3153 ,
3689 3051 3827 3160 qui
3877 3050 4345 3157 crederent,

1582 3209 1628 3254 «
1674 3178 1944 3262 donec
2019 3173 3099 3292 implacabilemNeronem
3173 3178 3590 3280 timuerit,
3644 3177 3940 3262 famam
4029 3178 4346 3268 sociatae

1567 3333 1826 3389 »cum
1872 3305 2164 3387 marito
2222 3307 2506 3389 mortis
2565 3304 2971 3420 petiviss‘e:
3041 3304 3334 3388 deinde
3365 3362 3391 3406 ,
3442 3301 3715 3388 oblata
3764 3306 4087 3387 mitiore
4149 3306 4287 3420 spe
4316 3364 4350 3413 ‚

1568 3429 2206 3516 »blandimentis
2251 3435 2433 3514 vitae
2473 3435 2813 3514 eviEtam
2859 3465 2951 3513 »t
3007 3434 3142 3520 cui
3202 3429 3508 3514 addidit
3560 3461 3861 3546 paucos
3905 3432 4174 3545 postea
4198 3463 4345 3517 ann

1568 3588 1718 3641 nos
1745 3617 1773 3662 ‚
1808 3554 2193 3640 laudabili
2242 3560 2328 3640 in
2375 3561 2752 3642 maritum
2813 3553 3258 3660 memoria,
3324 3565 3407 3642 ὃς
3468 3588 3609 3642 ore
3668 3590 3764 3643 ac
3826 3555 4203 3641 membris
4255 3562 4341 3644 in

4411 1815 4507 1875 10

1570 3712 1758 3766 eum
1807 3678 2200 3795 pallorem
2246 3681 2696 3770 albentibus
2734 3745 2760 3789 ,
2812 3711 2905 3769 ut
2968 3687 3315 3770 ostentui
3379 3684 3615 3789 effer,
3677 3684 4029 3769 multum
4075 3683 4340 3773 vitalis
4394 3701 4493 3788 25

1568 3809 1883 3923 spiritus
1911 3811 2957 3921 egestu1n.Senecainterim
2973 3813 3357 3920 ‚durante
3370 3815 3621 3896 traEm
3642 3821 3712 3915 5,
3743 3821 3824 3895 ὅ(
3857 3810 4345 3899 lentitudine

1645 4060 1665 4092 ¹
1710 4050 2136 4119 Dum-mauu
2161 4076 2443 4120 uon-reu
2468 4064 2904 4136 Anssvnnxr]
2982 4078 3085 4124 ma
3131 4057 3272 4120 sunt
3324 4058 3573 4122 senecae
3617 4054 3813 4118 verba
3870 4055 3950 4119 ab
4018 4058 4342 4130 advocatis

1562 4128 1732 4204 Dio,
1769 4133 2017 4194 Senecae
2079 4131 2399 4214 iniquior,
2447 4138 2518 4198 8<
2576 4157 2906 4199 nonnum-
2981 4133 3385 4214 scriptoribus
3417 4148 3699 4211 excepta.
3751 4134 4076 4200 Libruma
4106 4136 4341 4203 Seneca

1563 4229 1752 4291 quam
1793 4207 2057 4290 scriptor
2088 4230 2174 4272 nu
2217 4210 2553 4275 ivendulus
2576 4259 2596 4287 ,
2617 4213 2746 4278 haec
2773 4234 2908 4275 om·
2984 4212 3277 4292 scriptum
3305 4213 3374 4275 ὃς
3404 4212 3812 4275 emendatum
3843 4216 4341 4282 comminiscitur

1561 4287 1671 4350 nia
1705 4289 2001 4367 depravat
2027 4289 2099 4353 δε
2121 4309 2160 4351 a
2203 4289 2430 4353 ulterat
2454 4337 2473 4365 ,
2511 4290 2676 4353 libro
2705 4293 2906 4352 LXII.
2982 4289 3110 4352 Dio
3156 4289 3283 4352 loc.
3322 4289 3428 4354 cit.

1559 4387 1703 4448 pag.
1725 4386 1871 4446 713·
1907 4368 2046 4430 Nec
2083 4389 2226 4430 eum
2269 4370 2462 4449 pudet
2493 4367 2763 4432 scribere
2797 4372 2909 4432 Se-
3059 4379 3092 4419 4
3113 4371 3485 4434 iuveneas
3510 4375 3959 4449 suprassnno]
3990 4377 4165 4450 Qun,
4193 4377 4338 4435 cum

1565 4466 1789 4509 necam
1810 4466 2077 4510 uxorem
2100 4445 2270 4510 suam
2299 4447 2653 4511 interficere
2679 4448 2912 4511 voluis·
2985 4446 3055 4509 in
3118 4448 3342 4530 vulgus
3396 4454 3645 4518 Senecoe
3686 4451 3895 4515 verbis
3960 4451 4124 4512 edita
4174 4449 4291 4512 smt
4312 4496 4334 4526 ‚

1560 4525 1647 4596 se.
1703 4525 1832 4588 Odi
1878 4525 2113 4607 &ipse
2184 4527 2622 4607 loquaciorem
2661 4530 2911 4591 Senecae
2985 4526 3086 4589 hic
3138 4527 3455 4594 invertere
3486 4577 3504 4603 ‚
3570 4532 3641 4594 &
3695 4528 3960 4593 historiae
4018 4527 4335 4592 inne-flere

1562 4602 1964 4682 sapientiam,
1997 4605 2248 4689 ejusque
2269 4606 2553 4670 animum
2577 4606 2725 4669 recti
2748 4606 2912 4672 haud
2987 4606 3370 4686 supersedeo.
3465 4607 3719 4671 Utinam
3794 4608 3898 4668 illa
3984 4605 4334 4673 invertisset

1561 4680 1702 4742 (latis
1741 4684 2164 4763 pervicacem;
2206 4701 2269 4750 at
2310 4706 2489 4750 veras
2532 4687 2663 4765 ejus
2696 4685 2911 4756 laudes
2986 4686 3283 4750 Tacitus!
3342 4687 3386 4749 s1
3417 4707 3548 4750 non
3592 4686 3718 4766 ipsa
3786 4689 4031 4746 Senecae
4093 4687 4331 4762 verba,

1559 4777 1906 4838 numquam
1955 4763 2253 4830 deteram.
2988 4764 3203 4830 saltem
3243 4764 3374 4846 ipso
3415 4765 3599 4847 digna
3652 4765 3721 4827 &
3761 4759 4094 4843 magnifica
4138 4761 4335 4829 habe-

1645 4844 1672 4873 2
1716 4839 1935 4929 Planco
2000 4849 2256 4923 victu]
2333 4845 2432 4907 De
2492 4863 2623 4926 quo
2678 4844 2914 4910 die'tum
2988 4865 3213 4908 remus.

1555 4911 1746 4990 supra
1770 4933 1902 4993 cap.
1948 4937 2052 4997 45.
3074 4935 3093 4979 5
3137 4925 3450 4984 Duaaurs
3484 4920 3805 5001 numeru]
3845 4920 4155 4988 Stillantis
4200 4919 4335 4987 san·

1643 5000 1665 5054 ³
1719 4992 2063 5068 ΡιεκΛᾳυε
2092 5002 2469 5086 namon]
2520 5000 2670 5066 Hoec
2710 5000 2916 5083 supre-
2987 5000 3212 5081 guinis.
