4975 6149
953 406 1142 517 'AD
1174 428 1632 515 LIBRUM
1676 426 1872 514 ΧΠ.
1921 423 2208 514 ΑΝΝ.
2261 430 2361 515 c,
2405 428 2770 517 coRN.
2812 427 3237 519 TAc1T1.
3336 452 3501 544 381

720 606 897 694 quas
957 583 1306 660 nonnulli
1354 582 1447 658 de
1511 582 1885 658 veteribus
1931 580 2260 659 Orientis
2314 581 2613 657 urbibus
2657 606 3007 677 movent,
3050 589 3512 668 extricandae.

721 689 917 765 Cum
961 684 1315 760 immensa
1357 682 1630 757 fuerint
1654 682 1966 758 Ninives
2005 706 2094 755 ac
2122 680 2522 782 Babylonis
2561 684 2826 781 spatia,
2883 690 3345 766 contendunt
3372 694 3513 766 fin-

826 787 910 861 lis
938 786 1236 861 urbibus
1285 783 1490 859 fuisse
1547 783 1958 859 incolarum
2008 780 2336 882 ostogies
2387 803 2698 856 centena
2741 786 3009 877 millia,
3059 796 3511 882 8,000,ooo.

720 814 890 963 §uec
937 885 1327 962 attendunt
1369 884 1685 986 antiquis
1744 881 2197 982 temporibus
2246 881 2352 956 ita
2406 881 2741 957 conditas
2778 884 2980 961 fuisse
3037 889 3291 981 urbes,
3350 918 3509 968 non

722 987 954 1062 modo
1002 1008 1084 1060 ut
1120 984 1621 1060 habitarentur
1649 1039 1672 1073 ,
1719 982 1846 1058 sed
1905 982 2123 1058 etiam
2176 1002 2256 1055 ut
2302 983 2763 1072 colerentur,
2808 992 2915 1075 &,
2954 986 3005 1059 si
3066 988 3341 1064 bellum
3391 993 3511 1067 in..

724 1106 1060 1189 grueret,
1104 1108 1188 1161 ut
1215 1086 1356 1159 suis
1398 1083 1858 1158 facultatibus
1881 1081 2263 1182 copiisque
2313 1081 2893 1160 sustentarentur.
2940 1085 3032 1160 Id
3063 1087 3155 1162 de
3185 1089 3341 1165 Bab
3397 1093 3511 1168 lo-

723 1210 822 1261 ne
860 1188 1112 1287 aperte
1157 1184 1491 1287 prodidit
1530 1184 1853 1279 Quintus
1880 1182 2175 1257 Curtius
2198 1238 2218 1271 ,
2250 1182 2320 1257 V
2346 1239 2366 1272 ,
2424 1205 2487 1257 1.
2514 1185 2733 1257 Totius
2765 1192 2966 1280 operis
2997 1189 3235 1281 (muri
3263 1119 3510 1289 urbis)

725 1317 1082 1363 cce-wat
1131 1288 1353 1385 stadia
1404 1290 1838 1382 compleHitur
1877 1338 1894 1356 .
1935 1337 1954 1356 .
1991 1337 2011 1357 .
2051 1281 2373 1379 AEdificia
2420 1309 2547 1357 non
2583 1285 2745 1378 sunt
2803 1286 3065 1358 admota
3113 1298 3355 1380 muris,
3388 1294 3511 1388 sed

710 1388 855 1487 fere
886 1392 1181 1483 spatium
1222 1394 1408 1462 unius
1439 1392 1661 1485 jugeri
1716 1386 1965 1480 absunt.
2019 1393 2126 1456 Ac
2167 1408 2242 1454 ne
2298 1406 2503 1455 totam
2544 1385 2795 1482 quidem
2856 1386 3071 1460 urbem
3103 1391 3282 1462 tems
3327 1419 3510 1465 occu-

717 1509 1047 1582 paverunt
1071 1548 1089 1575 ,
1131 1514 1252 1582 per
1281 1518 1384 1559 xc:
1419 1485 1642 1583 stadia
1673 1487 2007 1558 habitatur
2033 1513 2065 1556 .·
2102 1508 2211 1555 nec
2247 1487 2462 1555 omnia
2489 1489 2789 1557 continua
2812 1487 2974 1582 sunt
3000 1539 3021 1573 ,
3078 1490 3258 1561 credo
3284 1546 3304 1579 ,
3354 1500 3507 1592 quia

726 1592 932 1659 tutius
951 1589 1158 1682 visum
1184 1587 1272 1684 est
1295 1588 1593 1683 pluribus
1627 1585 2052 1682 locisspargi.
2093 1586 2316 1655 Cetera
2345 1584 2565 1670 serunt
2591 1638 2611 1671 ,
2651 1588 3024 1685 coluntque:
3056 1589 3212 1685 utfl
3240 1614 3507 1666 externa

723 1692 828 1759 vis
857 1690 1159 1783 ingruat,
1198 1686 1433 1783 obfiffis
1461 1688 1774 1759 alimenta
1799 1739 1819 1772 ,
1855 1710 1938 1758 ex
1984 1681 2178 1781 ipsius
2235 1682 2408 1754 urbis
2442 1684 2586 1778 solo
2612 1684 3121 1780 subministrent.

827 1784 1015 1859 Inde
1050 1784 1366 1860 Plinium
1389 1840 1409 1873 ,
1437 1783 1646 1884 supra
1694 1782 2064 1858 laudatum
2086 1840 2106 1873 ,
2146 1780 2385 1855 intelli
2443 1806 2554 1870 as,
2589 1782 2713 1883 qui
2752 1788 2820 1858 δε
2853 1783 3163 1861 Ninives
3191 1842 3211 1875 ,
3253 1796 3322 1863 δε
3357 1789 3502 1865 Ba·-

725 1884 1022 1983 bylonis
1050 1940 1069 1971 ‚
1122 1890 1192 1959 &
1242 1883 1663 1959 Thebarum
1717 1881 2243 1982 descriptiones
2281 1879 2356 1955 vi
2413 1902 2604 1972 erat,
2661 1888 2729 1958 δε
2757 1903 3001 1958 tamen
3044 1886 3506 1967 confidenter

785 1983 1253 2059 ronuntiabat
1299 1988 1544 2057 nullius
1599 1986 1774 2058 urbis
1821 1983 2327 2081 magnitudinem
2366 1984 2631 2081 potuzffe
2667 1989 2723 2055 ei
2751 2037 2772 2071 ,
2802 1980 3094 2075 Romae,
3124 1998 3507 2083 comparari.

726 2008 968 2158 fmmo
1023 2082 1233 2184 ipfius
1285 2103 1499 2159 aetate
1553 2083 1723 2159 curn
1771 2081 2107 2158 Seleucia
2146 2080 2604 2184 Babylonem
2638 2081 2962 2157 haufisset
2993 2140 3015 2173 ,
3067 2085 3144 2159 in
3180 2089 3267 2162 ea
3302 2090 3506 2166 fuere

726 2182 1013 2259 tantum
1057 2186 1263 2277 plebis
1313 2187 1573 2257 urbanoe
1624 2216 1742 2259 oc.
1787 2215 1879 2258 M.
1917 2186 2313 2273 600,000,
2364 2180 2543 2256 teste
2588 2181 2833 2257 Plinio
2868 2183 2978 2256 VI
3007 2240 3027 2273 ,
3079 2188 3202 2262 26.

834 2282 1094 2383 Itaque
1149 2283 1636 2360 celeberrimae
1680 2283 1829 2359 illae
1871 2284 2201 2358 Orientis
2258 2289 2328 2358 &
2378 2281 2686 2396 AEgypti
2732 2281 2941 2356 urbes
2982 2283 3184 2360 fuere
3231 2287 3507 2364 Parifiis

723 2381 1019 2486 quidem
1064 2404 1191 2457 aut
1219 2381 1565 2459 Londino
1595 2387 1906 2485 majores
1929 2440 1949 2473 ,
1981 2382 2241 2459 Romae
2289 2402 2532 2459 autem
2579 2382 2995 2472 inferiores,
3035 2384 3160 2459 vel
3195 2385 3286 2459 ad
3320 2388 3508 2464 sum-

722 2508 918 2558 mum
941 2507 1168 2581 pares.
1189 2481 1431 2558 Unam
1449 2484 1528 2558 in
1559 2484 1903 2563 universo
1932 2483 2114 2560 orbe
2135 2482 2387 2558 urbem
2407 2502 2657 2557 vetere
2682 2481 2920 2556 Roma
2935 2481 3505 2585 frequentiorem

721 2582 908 2659 novi
936 2638 957 2672 ,
990 2580 1350 2658 Pekinum
1368 2584 1648 2659 scilicet
1670 2640 1692 2673 ,
1733 2584 1982 2683 Pe'king
2012 2641 2034 2674 ,
2060 2583 2361 2683 Imperii
2389 2580 2701 2656 Sinenfis
2728 2602 2948 2682 caput
2970 2638 2990 2671 ,
3037 2610 3252 2685 quam
3279 2586 3507 2663 ferme

718 2682 969 2757 tricies
1025 2682 1409 2756 hominum
1446 2738 1468 2771 ,
1519 2708 1951 2778 3,000,000
1978 2739 2001 2773 ,
2046 2683 2375 2759 habitare
2428 2681 2678 2756 scribit
2717 2680 2797 2755 P.
2858 2682 2956 2756 du
2988 2683 3236 2760 Halde
3267 2741 3288 2775 ,
3338 2691 3511 2785 Des-‘-

724 2789 1006 2877 cription
1065 2782 1433 2876 Gdograph.
1504 2784 1749 2878 Histor.
1797 2786 2186 2879 chronolog.
2245 2786 2570 2882 Politique
2622 2784 2697 2856 ὃ
2725 2782 3032 2881 Phyfique
3077 2785 3152 2857 de
3198 2786 3510 2883 l’Empire

723 2882 899 2955 dela
935 2884 1168 2967 Chine,
1208 2880 1435 2955 Tom.
1470 2877 1573 2953 II.
1634 2905 1799 2982 pag.
1850 2907 1926 2980 7.
1993 2881 2208 2956 Licet
2244 2882 2612 2983 pleraeque
2662 2907 2841 3002 pere
2891 2883 3204 2957 rinarum
3250 2910 3506 2961 narra-

723 2981 1014 3055 tionum
1059 2979 1750 3084 amplificationibus
1788 2984 2234 3071 intumeant,
2270 2982 2578 3056 maxime
2607 3007 2774 3056 curn
2877 3007 2916 3055 e
2945 2982 3327 3059 hominum
3363 3013 3508 3062 nu·-

722 3106 933 3159 mero
979 3081 1258 3183 agitur,
1293 3104 1533 3183 neque
1590 3080 1750 3156 haec
1812 3083 2004 3158 fort'e
2033 3108 2130 3160 eo
2153 3082 2350 3158 ‘vitio
2395 3105 2635 3157 careat
2662 3139 2682 3172 ,
2728 3081 3365 3184 frequentissimum
3391 3108 3505 3161 ta-

723 3206 895 3258 men
926 3181 1064 3257 effe
1090 3180 1453 3256 Pekinum
1476 3236 1497 3272 ,
1546 3202 1767 3283 atque
1816 3182 1972 3282 ipsa
1995 3183 2237 3259 Roma
2258 3182 2741 3272 numerosius,
2779 3182 3094 3259 libenter
3122 3184 3505 3285 profiteor.

719 3281 959 3385 quue
1020 3283 1309 3358 evicere
1360 3280 1758 3356 novissimae
1807 3283 2142 3360 Sinenses
2196 3283 2471 3374 literae,
2514 3284 2799 3384 scriptae
2861 3282 3148 3359 Pekino
3208 3284 3329 3360 die
3407 3309 3504 3364 12

719 3381 1216 3475 Novembris,
1274 3408 1478 3457 anno
1527 3382 1783 3481 1767,
1837 3384 2098 3487 quibus
2152 3381 2621 3460 nuntiabatur
2681 3383 2963 3484 periiffe
2997 3385 3141 3459 hac
3194 3384 3270 3459 in
3332 3386 3514 3462 urbe

721 3482 1023 3556 variolis
1049 3539 1069 3572 ,
1105 3487 1173 3557 la
1198 3491 1396 3578 petite
1434 3485 1693 3573 ve'role,
1723 3508 1919 3560 anno
1973 3486 2178 3583 1766
2199 3540 2224 3577 ,
2264 3485 2440 3587 plus
2477 3487 2645 3560 uam
2707 3506 3000 3559 centum
3042 3483 3273 3559 millia
3332 3512 3509 3587 pue-

723 3605 998 3655 rorum.
1029 3579 1196 3654 Nec
1235 3603 1651 3684 magnatum
1685 3583 1903 3660 liberi
1947 3585 2104 3661 hoc
2130 3587 2397 3661 morbo
2429 3513 2638 3660 suere
2666 3584 2883 3659 afflati
2912 3643 2932 3676 ,
2983 3587 3154 3689 quia
3200 3585 3512 3688 diligen-

721 3680 980 3756 tissime
1027 3683 1363 3756 contastu
1415 3681 1578 3753 sunt
1605 3684 1982 3778 prohibiti.
2031 3684 2278 3758 Unica
2323 3684 2485 3758 haec
2523 3685 2662 3760 fuit
2697 3686 3035 3761 adversus
3090 3686 3509 3763 saevientem

725 3780 1066 3857 morbum
1127 3780 1374 3854 cautio
1422 3803 1516 3852 ac
1566 3779 1874 3855 medela.
1931 3782 2291 3857 Grassanti
2342 3784 2540 3857 enim
2580 3786 2777 3861 malo
2829 3786 3090 3862 iterum
3139 3785 3399 3860 cessere
3437 3793 3509 3862 ὃς

724 3882 927 3980 prius
964 3879 1282 3976 habitae,
1340 3884 1410 3955 δε
1468 3876 1653 3954 olim
1701 3877 2032 3973 insertae,
2084 3884 2578 3975 l‘inoculation,
2633 3885 2958 3965 variolae.
3019 3887 3206 3964 Haec
3253 3886 3501 3963 Sinem

723 3980 836 4054 ses
873 3981 1123 4057 literae.

837 4077 1047 4154 Licet
1089 4082 1384 4158 morbus
1414 4081 1636 4161 solito
1677 4081 1913 4161 acrius
1946 4086 2099 4163 hoc
2132 4107 2330 4161 anno
2394 4084 2752 4177 saevierit,
2867 4106 3018 4166 atet
3062 4106 3307 4164 tamen
3359 4112 3505 4163 ma-

729 4177 996 4254 ximam
1060 4178 1197 4252 effe
1259 4181 1521 4258 Pekini
1588 4183 2096 4290 frequentiam.
2167 4186 2333 4263 Nec
2387 4186 2638 4263 miror.
2707 4187 2819 4263 Ur
2869 4216 2904 4264 s
2957 4190 3153 4266 enim
3202 4190 3369 4275 illa,
3424 4206 3507 4259 ut

729 4283 803 4352 δε
882 4277 1266 4376 imperium
1338 4282 1681 4374 Sinense,
1751 4288 1946 4387 peste
2003 4313 2398 4392 numquam
2460 4287 2781 4364 foedatur
2832 4316 2853 4363 ε
2910 4288 3017 4362 ibi
3072 4286 3289 4360 etiam
3359 4308 3505 4383 pax

726 4401 940 4476 paene
974 4378 1296 4451 immota.
1360 4379 1577 4455 Adde
1618 4385 2125 4464 incredibilem
2182 4387 2444 4492 populi
2477 4386 3005 4490 parcimoniam
3033 4438 3053 4471 ,
3105 4383 3230 4481 qui
3282 4383 3504 4480 oryza

726 4475 1158 4579 plerumque
1216 4474 1539 4567 vistitet,
1580 4505 1719 4553 nec
1770 4485 1955 4582 ipsas
2006 4488 2288 4579 sordes,
2351 4490 2611 4563 ceteris
2664 4483 2963 4583 populis
3011 4478 3505 4572 abominatas,

729 4600 1000 4689 equos,
1048 4599 1262 4651 canes
1289 4632 1313 4666 ,
1363 4575 1588 4666 feles,
1627 4604 1862 4653 mures
1888 4636 1907 4666 ,
1953 4582 2158 4656 senio
2201 4593 2499 4687 quoque
2555 4608 2642 4657 ac
2693 4579 2960 4653 morbo
2994 4581 3284 4653 enestos
3307 4578 3503 4653 fasti·-

734 4675 890 4750 drat
914 4732 937 4767 ,
968 4674 1144 4751 teste
1192 4675 1456 4750 eodem
1489 4676 1567 4751 P.
1616 4675 1715 4751 du
1750 4677 1998 4751 Halde
2026 4735 2046 4768 ,
2081 4683 2207 4779 qui
2259 4685 2338 4756 id
2391 4707 2549 4755 non
2595 4677 2958 4752 immerito
3016 4675 3204 4752 inter
3237 4678 3503 4778 praeci-

727 4799 908 4873 puas
935 4775 1238 4851 Sinensis
1275 4775 1735 4852 abundantiae
1763 4775 2007 4851 causas
2039 4782 2386 4853 recenset.
2424 4781 2527 4848 La
2541 4779 2715 4848 chair
2749 4777 2854 4849 des
2881 4783 3159 4878 juments
3172 4780 3501 4877 sauvages

728 4873 820 4974 est
834 4875 983 4972 sort
1007 4875 1252 4979 estime‘e
1280 4933 1299 4960 .
1331 4932 1354 4956 .
1380 4933 1399 4955 .
1439 4879 1531 4954 Le
1552 4879 1784 4975 peuple
1809 4879 2249 4954 {accommode
2273 4877 2424 4974 fort
2462 4875 2541 4951 de
2578 4877 2649 4950 la
2681 4879 2859 4952 chair
2888 4877 2991 4953 des
3033 4880 3321 4957 chevaux
3346 4929 3371 4972 ,
3426 4881 3513 4954 Cr
