4975 6149
1473 468 1649 549 114
1965 437 2070 525 c,
2196 417 3768 545 CORNELIISTA‘CITI

1183 633 1421 683 aas
1589 597 1951 688 XXIV.
2015 601 2087 687 F
2103 623 2204 682 IN
2225 622 2270 681 Ε
2300 597 2536 702 anni,
2565 595 2798 680 statio
2825 595 3192 684 cohortis
3221 604 3250 640 ¹
3275 653 3306 700 ,
3345 595 3694 682 adfidere
3724 592 3939 684 ludis
3974 594 4259 707 solita,

1185 713 1422 865 *⁶33²
1468 731 1948 819 demovetur
1976 785 2007 832 ,
2056 729 2222 838 quo
2250 720 2511 832 major
2564 723 2874 841 species
2929 722 3325 811 libertatis
3380 722 3627 821 effet3
3678 751 3930 836 utque
3981 727 4260 835 miles,

1240 915 1292 967 2,
1325 914 1390 965 0
1466 855 1845 945 theatrali
1875 854 2222 940 licentiae
2266 883 2438 937 non
2471 855 2915 967 permixtus
2929 912 2959 958 ,
2989 853 3543 964 incorruptior
3594 879 3921 966 ageret,
3948 863 4032 940 ὁ(
4080 855 4263 971 ple-

1249 1016 1358 1086 55,
1469 986 1610 1072 bes
1641 985 1868 1070 daret
1893 984 2578 1097 experimentum,
2597 1011 2699 1065 an
2723 1039 2754 1084 ,
2778 983 3072 1067 amotis
3104 975 3611 1082 custodibus,
3638 981 4107 1068 modestiam
4136 1013 4260 1068 re—

1469 1117 1793 1198 tineret.
1810 1109 2114 1196 Urbem
2136 1111 2522 1223 Princeps
2536 1105 2899 1193 lustravit
2915 1116 2946 1152 ²
2974 1137 3019 1191 e
3036 1107 3424 1220 responso
3454 1108 4007 1223 haruspicum,
4035 1110 4261 1224 quod

1469 1240 1707 1334 Jovis
1753 1271 1851 1324 ac
1899 1240 2297 1324 Minerva:
2358 1236 2562 1319 aedes
2592 1244 2631 1338 ³,
2661 1234 2765 1319 de
2828 1233 3031 1321 caelo
3089 1235 3309 1318 taEtae
3384 1259 3637 1318 erant.

1173 1388 1427 1466 —
1600 1367 1909 1452 XXV.
1977 1369 2092 1479 Q.
2138 1368 2652 1467 VoLthIo,
2710 1362 2799 1447 P.
2870 1364 3264 1478 Scipione
3322 1358 3920 1470 consulibus4,
3995 1363 4259 1449 otium

1190 1467 1426 1630 *522⁶
1469 1494 1670 1580 foris
1692 1554 1721 1598 ‚
1778 1493 2001 1576 foeda
2042 1491 2264 1576 domi
2308 1488 2693 1592 lascivia,
2746 1486 2903 1600 qua
2952 1493 3188 1575 Nero
3217 1491 3510 1573 itinera
3544 1487 3834 1593 Urbis,
3886 1499 3971 1576 &
4018 1486 4257 1608 lupa-

1233 1670 1284 1721 ς,
1319 1672 1381 1721 0,
1472 1624 1738 1725 naria,
1770 1629 1854 1704 ὃς
1895 1613 2376 1703 diverticula
2403 1675 2433 1721 ,
2487 1618 2703 1702 veste
2733 1615 3002 1701 servili
3031 1620 3117 1702 in
3145 1612 3849 1702 dissimulationem
3879 1613 4260 1703 sui‘com-

1254 1764 1359 1841 56.
1469 1747 1771 1864 positus
1794 1806 1824 1852 ,
1879 1742 2337 1861 pererrabat
2362 1750 2440 1847 5,
2495 1744 3077 1832 comitantibus
3104 1805 3135 1851 ‚
3182 1747 3322 1857 qui
3368 1769 3737 1859 raperent
3804 1744 3906 1829 ad
3966 1745 4257 1830 vendi-

1464 1876 1790 1960 tionem
1843 1872 2256 1989 expofita,
2309 1878 2395 1955 ὅ(
2437 1871 2702 1958 obviis
2751 1871 3089 1959 vulnera
3136 1872 3582 1957 inferrent:
3631 1869 4003 1957 adversus
4043 1875 4261 1984 igna-

1464 2029 1604 2086 ros
1644 2002 1893 2105 adeo,
1946 2028 2038 2086 ut
2090 2001 2261 2117 ipse
2312 2028 2638 2112 quoque
2689 2002 3108 2116 exciperet
3147 2002 3388 2101 istus,
3431 2005 3517 2081 ὃ(
3567 2029 3708 2083 ore
3755 1999 4155 2114 praeferret
4194 1996 4259 2084 ⁶.

1465 2125 1799 2216 Deinde
1824 2167 1853 2230 5
1900 2125 2043 2210 ubi
2104 2159 2150 2201 (ι
2181 2125 2577 2210 Caesarem
2639 2126 2795 2209 effe
2824 2184 2854 2226 ,
2917 2129 3055 2236 qui
3106 2126 3648 2237 grassaretur»
3689 2184 3720 2228 ,
3779 2129 4262 2237 pernotuit,

1464 2253 1971 2368 augebantur
2006 2247 2313 2358 injuriae
2344 2250 2719 2337 adversus
2750 2251 2970 2336 viros
3006 2250 3505 2360 feminasque
3530 2249 3875 2362 insignes
3896 2309 3927 2356 ,
3959 2257 4042 2334 ὃ(
4073 2252 4258 2361 qui-2

1468 2506 1736 2585 tabulas,
1784 2507 2016 2587 quibus
2049 2505 2245 2571 Paetus
2292 2523 2513 2574 vetera
2549 2506 2620 2572 δε
2650 2505 2827 2570 obli·
2906 2531 3169 2574 ncccrx.
3216 2510 3358 2576 Jesu
3393 2509 3619 2575 Christi
3665 2512 3763 2590 56.
3812 2508 3896 2583 Q.
3960 2497 4255 2591 Volusius

1469 2602 1670 2651 terata
1721 2588 1936 2652 debita
2006 2589 2354 2654 revocabat
2393 2634 2414 2665 ,
2465 2590 2539 2654 &
2607 2585 2826 2668 exige·
2905 2587 3070 2651 filius
3126 2587 3212 2652 est
3263 2595 3343 2654 L.
3383 2589 3663 2667 Volufii,
3704 2588 3782 2650 de
3832 2603 3962 2666 quo
4008 2582 4257 2644 dicetur

1468 2666 1861 2809 baf.STAT10
1897 2750 2272 2825 conon-trs]
2316 2740 2827 2811 Praetoriae.Vide
2907 2666 3498 2812 rnigrapnclapisspgn
3555 2749 3586 2824 ]
3621 2745 3804 2809 Hanc
3862 2736 4185 2804 lasciviam
4231 2751 4259 2814 ,“

1465 2823 1708 2887 'AnnaL
1749 2825 1800 2886 Ι.
1836 2844 1942 2904 77.
2905 2823 3191 2905 Principe
3227 2827 3363 2888 indi
3406 2846 3591 2901 nam,
3642 2836 3954 2886 memorat
3989 2821 4255 2880 Sueton.

1555 2914 1585 2943 ²
1628 2906 1862 2964 Unum
1920 2924 2218 2966 eumenes
2269 2922 2636 2970 Lusa-amnt
2673 2904 2704 2978 J
2754 2905 2829 2963 In
2905 2904 2976 2965 in
3002 2906 3154 2967 Ner.
3179 2908 3354 2972 XXV
3391 2903 3552 2985 ‚Post
3572 2898 3935 2982 crepufitulum
3940 2897 4136 2978 statim
4161 2913 4258 2985 ar·

1472 2980 1574 3043 his
1587 2980 2056 3047 lustrationibus
2082 2984 2493 3046 cantabantur
2516 2983 2790 3045 carmina
2806 3028 2826 3057 ,
2905 3001 3055 3058 repro
3075 2982 3218 3059 pileo
3247 2983 3337 3046 vel
3362 2982 3558 3066 galero
3578 3029 3600 3059 ‚
3625 2982 3862 3057 popinas
3884 2976 4066 3039 inibat
4081 2996 4112 3037 ε·
4145 2992 4254 3034 cir-

1472 3057 1734 3141 fingulis
1787 3061 1985 3141 portis
2042 3060 2310 3127 vietimae
2380 3062 2826 3125 maetabantur.
2907 3082 3128 3143 cumque
3169 3063 3322 3126 vicos
3354 3063 3671 3146 vagabatur
3715 3054 4048 3121 ludibundus
4072 3101 4093 3133 ,
4152 3072 4256 3115 nec

1474 3139 1780 3203 Claudius
1799 3143 2034 3221 quanto
2051 3140 2366 3213 hebetior,
2395 3143 2573 3205 tanto
2593 3141 2827 3221 supers-
2885 3141 3017 3222 sine
3040 3142 3287 3218 pernicie
3313 3163 3523 3207 tamen.
3567 3141 3637 3203 Si
3658 3139 3871 3221 quidem
3889 3134 4177 3199 redeuntes
4215 3150 4256 3195 a

1473 3218 1762 3291 titiosus,
1797 3239 1897 3282 eas
1937 3218 2326 3282 caerimonias
2366 3219 2830 3300 diligentiffime
2909 3224 3049 3280 cenci
3083 3222 3404 3300 verberare,
3432 3243 3500 3283 ac
3521 3235 3894 3301 repugnantes
3927 3214 4257 3289 vulnerare,

1473 3296 1862 3360 observavit.
1922 3297 2085 3363 Vide
2148 3302 2408 3363 Sueton.
2469 3298 2540 3359 in
2600 3299 2827 3362 Claud.
2910 3298 3204 3382 cloacisque
3237 3302 3545 3384 demergere
3570 3300 3908 3381 aſjueverat:
3932 3290 4259 3355 tabernulas

1472 3377 1678 3441 XXII.
1717 3377 1862 3453 Ejus
1908 3375 2305 3455 principatu,
2351 3377 2598 3441 incerto
2657 3398 2828 3442 anno
2908 3380 3079 3439 etiam
3128 3379 3423 3463 effingere
3491 3378 3554 3441 cv
3631 3376 3923 3453 expilare.-
4016 3372 4259 3433 uintand

1477 3457 1567 3517 ob
1616 3454 1904 3517 suffeaestos
1951 3456 2272 3532 consules,
2333 3454 2487 3516 Bubo
2523 3453 2785 3531 fitnebris
2810 3503 2830 3532 ,
2909 3456 3051 3519 domi
3089 3458 3414 3540 constituta,
3439 3458 3530 3519 ubi
3555 3475 3738 3533 partoe
3777 3454 3838 3516 ὓ
3871 3452 3945 3513 ad
4004 3451 4257 3512 icitatio·

1476 3531 1547 3593 ὃ·
1587 3534 1828 3594 maxime
1850 3531 2198 3595 abominatus
2272 3534 2498 3598 ublicis
2522 3535 2829 3616 praecipue
2907 3557 3033 3597 nem
3060 3535 3368 3599 dividenda
3386 3536 3593 3613 praedoe
3620 3535 3855 3612 pretium
3882 3531 4255 3623 affirmeretur.

1475 3611 1767 3692 auspiciis
1792 3658 1811 3688 ,
1856 3610 2120 3688 Capitolii
2155 3556 2347 3674 celiam
2384 3615 2437 3689 ip
2463 3635 2554 3674 am
2590 3615 2829 3676 intravit
2909 3615 3149 3694 Acsoepe
3170 3617 3230 3677 in
3250 3615 3502 3709 ejusmodi
3533 3616 3713 3692 rixis,
3732 3612 4005 3676 oculorum
4037 3608 4099 3672 Cr
4120 3610 4258 3672 vitoe

1475 3690 1619 3753 Sex.
1687 3689 1935 3766 Palpelio
1993 3690 2216 3772 Histro,
2268 3690 2378 3754 L.·
2453 3692 2652 3754 edanio
2708 3694 2825 3776 roffi
2902 3693 3206 3770 periculum
3231 3696 3411 3773 adiit,
3444 3694 3727 3777 aquodam
3744 3688 4065 3766 laticlavio,
4099 3692 4259 3768 cujus

1469 3787 1698 3848 propter
1711 3767 1848 3849 quod
1870 3769 2059 3830 Nonis
2079 3770 2316 3839 Martiis
2344 3771 2489 3834 Urbs
2508 3772 2738 3853 lustrata
2758 3772 2830 3853 est
2905 3794 3128 3837 uxorem
3165 3776 3594 3851 extenuaverat,
3620 3779 3786 3851 prope
3828 3770 3903 3832 ad
3927 3788 4112 3829 necem
4144 3787 4257 3827 coe-

1473 3868 1540 3909 eo
1571 3868 1750 3924 anno,
1775 3846 1936 3910 Plin.
1956 3850 2046 3924 X,
2086 3871 2178 3911 12.
2221 3851 2473 3927 Quanti
2498 3854 2652 3916 vero
2679 3852 2827 3915 cura
2886 3854 3009 3932 sus.
3034 3852 3233 3936 Quare
3256 3877 3548 3935 numquam
3574 3853 3835 3933 polleaft
3884 3844 4256 3924 Publimillu‘l

1475 3926 1706 4016 fierent
1758 3924 1849 3987 hae
1896 3926 2363 3993 obsecrationes
2405 3931 2599 3994 docet
2655 3930 2826 3995 idem
2904 3932 3191 4015 horaestne
3221 3936 3461 3997 tribunis
3492 3929 3785 4021 commiste,
3827 3924 4019 4004 procul
4054 3924 4116 3985 Cr
4151 3945 4257 3986 oc-

1476 4005 1722 4094 lerus
1751 4007 2137 4084 xxv111,2.
2162 4006 2419 4069 Vidimus
2439 4012 2608 4070 certis
2619 4030 2825 4085 preca·
2906 4010 3047 4071 culte
3089 4011 3555 4094 subsequentibus.
3611 4009 3775 4072 Vide
3842 4008 3915 4073 ὃ(
3970 4004 4258 4070 Dionem

1471 4082 1722 4163 sionibus
1756 4082 2037 4166 obflecraſje
2049 4087 2290 4166 summos
2335 4088 2711 4170 magistratus.
2748 4089 2829 4151 Et
2906 4092 3077 4152 LXI.
3117 4112 3254 4174 pag.
3294 4101 3438 4169 693.

1477 4181 1553 4223 ne
1583 4160 1711 4242 quid
1735 4161 2016 4224 verborum
2042 4183 2442 4244 praetereatur,
2470 4186 2571 4227 aut
2586 4170 2826 4248 proepqfi
2981 4171 3011 4208 ⁶
3053 4173 3200 4233 One
3252 4189 3641 4234 PRAEFERRET
3686 4170 3717 4245 ]
3790 4164 4257 4230 Medicamenta

1474 4258 1655 4302 rerum
1699 4239 1962 4321 dicatur,
1992 4242 2057 4303 de
2109 4244 2280 4319 cripto
2311 4245 2515 4320 praeire
2555 4246 2825 4326 aliquem,
2902 4245 3285 4325 adhibebat,
3343 4251 3422 4313 de
3469 4248 3698 4329 quibus
3759 4246 3995 4309 Plinius
4064 4245 4255 4321 XIII,

1476 4321 1755 4401 rursufique
1778 4320 1950 4383 aliurn
1979 4343 2044 4382 cu
2088 4322 2240 4383 odem
2260 4322 2387 4385 dari
2413 4324 2506 4405 qui
2530 4324 2822 4405 attendat,
2910 4349 3012 4390 22.
3054 4327 3173 4389 Alii
3211 4327 3424 4392 ferula:
3448 4375 3468 4406 ,
3555 4349 3701 4390 uam
3756 4324 4053 4404 thapfiam
4105 4322 4256 4404 qui-

1477 4399 1654 4461 alium
1681 4404 1807 4463 ver-d
1846 4402 2090 4477 proeponi
2130 4402 2222 4482 qui
2249 4402 2445 4481 faveri
2498 4404 2709 4496 linguis
2737 4408 2829 4486 ju·
2906 4407 3051 4470 dam
3084 4429 3442 4487 vocavere,
3517 4406 3671 4484 olia,
3727 4404 3975 4479 caulem,
4012 4401 4255 4461 radicem

1477 4477 1609 4540 beat
1647 4504 1666 4539 .-
1726 4479 2008 4543 tibicinem
2061 4500 2261 4544 canere
2282 4530 2305 4563 ,
2369 4504 2441 4545 ne
2498 4484 2628 4565 quid
2672 4484 2827 4548 aliud
2904 4484 3144 4548 tundunt
3174 4490 3233 4549 in
3258 4488 3415 4564 pila,
3450 4483 3513 4546 Cr·
3531 4487 3761 4566 flaccum
3782 4486 3840 4546 in
3868 4482 3988 4562 sble
4011 4478 4249 4539 coaeum:

1480 4558 1836 4623 ‘'madiam''-
2903 4563 3159 4627 dividunt
3185 4568 3245 4628 in
3291 4565 3554 4648 pastillos.
3596 4566 3751 4628 Nero
3796 4562 3893 4623 Cae
3918 4581 3985 4619 ar·
4017 4556 4250 4617 clarita-

1562 4649 1584 4691 3
1629 4641 1822 4729 Joyls
1841 4663 1925 4730 ‚Ac
1948 4643 2281 4709 Mmmtvss
2308 4647 2520 4723 zenas]
2546 4645 2622 4706 In
2642 4664 2826 4709 mon·
2904 4663 3008 4705 tem
3047 4647 3098 4707 ei
3128 4645 3278 4708 dedit
3299 4647 3459 4708 initio
3487 4644 3741 4720 imperii,
3769 4661 3840 4700 no
3863 4636 4047 4731 'urnis
4080 4634 4251 4732 grafi-

1479 4725 1547 4777 te
1575 4718 1973 4793 Capnolmo.
2887 4724 3204 4803 sationibus
3255 4724 3704 4787 converberatam
3748 4717 3956 4793 factem
4019 4712 4248 4775 illinens

1558 4800 1591 4839 4
1631 4794 1692 4852 Ρ.
1747 4798 2041 4861 Sermone
2086 4806 2524 4880 consumans]
2573 4805 2656 4879 Q.
2694 4806 2828 4866 Vo-
2886 4802 3001 4884 sthi
3032 4825 3152 4865 cum
3200 4803 3398 4883 thure,
3442 4804 3668 4881 ceraque
3701 4845 3721 4874 ,
3769 4794 3864 4871 Cr,
3893 4797 4083 4875 secuto
4122 4792 4246 4869 die,

1479 4865 1662 4957 rufius
1716 4874 2078 4938 Saturninus
2112 4880 2182 4942 &
2217 4883 2282 4940 Ρ.
2321 4881 2662 4944 Cornelius
2700 4881 2829 4944 Sci·
2904 4901 3097 4944 contra
3130 4882 3351 4961 famam
3403 4897 3580 4945 cutem
3605 4877 3893 4961 sinceram
3948 4872 4248 4954 circumfe-

1471 4966 1587 5033 pio
1630 4948 1913 5014 consules
1939 4951 2113 5018 fuere
2137 4975 2310 5023 anno
2335 4960 2518 5028 Urbis
2551 4959 2826 5026 conditae
2902 4980 3056 5031 rens.

4327 1766 4428 1828 10
