4975 6149
1515 404 1705 501 496
1897 388 2345 475 NoTAE
2434 384 2610 468 ET
2703 377 3899 469 EMENDATIONES

1624 543 2014 625 Christiani
2076 559 2201 614 aut
2240 537 2519 626 nullos,
2570 554 2693 612 aut
2745 536 3029 612 causam
3064 562 3220 611 non
3252 535 3728 621 obtenturos,
3777 553 4130 633 patronos
4152 535 4298 615 ‚ha-

1522 651 1773 727 buere.
1826 644 2055 743 Igitur
2086 639 2401 714 damnati
2445 637 2610 711 sunt
2630 664 2654 726 3
2681 662 2838 712 non
2872 637 2948 710 in
2984 636 3285 710 crimine
3319 633 3689 724 incendii,
3729 633 3852 708 sed
3872 635 4288 713 Christianae

1525 744 1905 861 religionis
1934 800 1954 833 ,
1992 741 2155 828 cui,
2185 739 2285 815 ob
2318 738 2625 812 faustam
2680 736 3166 837 austeramque
3211 734 3420 835 ipsius
3448 733 3891 833 placitorum
3916 758 4235 811 naturam
4258 792 4284 827 ,

1528 845 1902 924 exitiabile
1934 839 2216 943 generis
2248 837 2541 912 humani
2591 836 2846 910 odium
2873 834 3354 933 objiciebatur
3384 889 3404 922 ,
3442 833 3786 909 convicti.
3818 834 4115 909 Tacitus
4146 863 4285 936 pro

1525 950 1654 1023 sua
1699 944 2096 1020 finces-itate
2133 940 2221 1012 ab
2284 935 2610 1012 incendii
2660 934 2961 1008 crimine
3004 934 3319 1009 absolvit
3365 931 3862 1022 Christianos3
3968 960 4052 1009 ro
4104 963 4289 1035 prae-

1526 1045 1860 1147 judicatis
1919 1065 2156 1117 autem
2203 1035 2730 1138 opinionibus,
2783 1040 2853 1108 &
2895 1033 3303 1107 rumoribus
3332 1089 3350 1120 ,
3399 1033 3524 1134 qui
3567 1033 3657 1108 de
3716 961 4293 1112 Chrillianorum

1520 1145 1911 1224 sceleribus
1956 1139 2554 1243 percrebuerant,
2605 1160 2731 1209 eos
2771 1161 2887 1229 per
2932 1135 3213 1232 flagitia
3268 1137 3543 1231 invisos,
3575 1136 3792 1230 sontes
3850 1137 3923 1209 ἕν’
3954 1137 4295 1233 novzffima

1519 1255 1775 1323 meritos
1814 1242 2103 1342 scripfit.
3086 1319 3091 1322 ,

1628 1346 1921 1422 Judices
1959 1343 2170 1428 vero,
2205 1339 2372 1413 cum
2403 1336 2497 1411 de
2527 1334 3098 1409 Christianorum
3141 1332 3441 1409 crimine
3469 1332 3856 1411 statuerent
3884 1389 3905 1424 ,
3936 1336 4038 1409 ita
4076 1334 4285 1412 Prin-

1525 1448 1677 1550 cipi
1721 1441 2135 1550 gratificati‘·
2166 1439 2379 1526 sunt,
2433 1435 2704 1536 fibique
2767 1435 3235 1524 consuluere,
3295 1455 3377 1508 ut
3442 1433 3889 1511 Christianos
3939 1435 4291 1510 damnan-

1528 1549 1672 1638 do,
1723 1545 2131 1644 ambiguam
2165 1596 2185 1629 ,
2241 1534 2592 1639 quantum
2641 1535 2972 1636 poffent,
3022 1532 3442 1608 incendium
3487 1534 3674 1608 inter
3715 1542 3786 1611 δε
3840 1535 4288 1635 superstitio-

1523 1674 1694 1724 nem
1776 1642 2203 1720 sententiam
2271 1636 2784 1748 relinquerent.
2872 1634 3133 1709 Poenas
3215 1658 3509 1736 quoque
3575 1635 3758 1710 adeo
3835 1634 4285 1736 adtempera-

1524 1770 1700 1823 vere
1747 1801 1767 1835 ,
1825 1765 1907 1819 ut
1969 1767 2134 1815 cum
2198 1734 2661 1812 incendiariis
2729 1742 2799 1810 δε
2842 1733 3227 1811 exitiabilis
3313 1733 3833 1834 superstitionis
3889 1734 4286 1811 fautoribus

1521 1846 1752 1921 essent
1792 1864 2232 1919 communes.
2271 1835 2713 1910 Incendiarii
2762 1861 2850 1909 ex
2882 1835 2950 1909 le
3006 1834 3163 1908 ibus
3187 1835 3441 1930 summo
3474 1838 3791 1930 supplicio
3841 1858 4044 1909 erant
4104 1836 4287 1910 adfi-

1523 1944 1794 2020 ciendi.
1833 1944 2127 2016 Summo
2164 1962 2458 2039 quoque
2497 1935 2861 2035 supplicio
2954 1862 3313 2010 {eduntur
3340 1932 3723 2017 Christiani
3757 1993 3777 2025 ,
3830 1934 4187 2011 seditiosae
4219 1944 4290 2013 δε

1524 2045 1875 2122 maleficae
1902 2037 2419 2142 superstitionis
2459 2034 2611 2110 rei:
2661 2039 2868 2134 juxta‘
2899 1961 3095 2136 feges
3142 2042 3208 2106 in
3258 2063 3494 2107 crucem
3525 2038 3840 2109 tolluntur
3865 2091 3885 2123 ,
3928 2063 4043 2108 aut
4071 2038 4279 2132 bestiis

1524 2149 1951 2242 objiciuntur,
1986 2166 2101 2214 aut
2144 2145 2281 2235 igni
2318 2159 2727 2225 cremantur,
2774 2137 2978 2210 tanto
3035 2134 3670 2233 intemperantius,
3724 2137 3993 2236 quanto
4044 2136 4289 2209 humi·-

1524 2245 1771 2320 lioreS.
1825 2244 2197 2315 Romanos
2248 2234 2694 2309 Christianos
2720 2259 2884 2308 cum
2939 2234 3355 2308 doctoribus
3396 2234 3535 2308 suis
3575 2232 3874 2322 Judaeis‚
3909 2257 4127 2330 gente
4156 2236 4280 2308 in-

1524 2345 1721 2432 visa,
1764 2340 2055 2416 humilis
2095 2360 2270 2412 tunc
2320 2333 2522 2408 fuisse
2570 2333 3023 2408 conditionis
3062 2355 3265 2433 patet
3318 2353 3470 2412 tum
3517 2358 3607 2406 ex
3640 2334 3737 2408 D.
3772 2332 3966 2408 Pauli
4009 2333 4277 2433 episto-

1524 2444 1600 2519 la
1661 2441 1752 2515 ad
1795 2441 2209 2524 Romanos,
2257 2460 2416 2535 cap.
2481 2433 2703 2518 XVI,
2752 2454 2905 2507 tum
2953 2460 3041 2507 ex
3101 2457 3482 2532 poenarum
3516 2435 3808 2522 natura,
3857 2432 4108 2535 quibus
4136 2435 4279 2508 viri

1522 2540 1827 2615 illustres
1856 2563 2009 2612 non
2045 2536 2332 2609 fuissent
2367 2532 2701 2609 obnoxii.
2738 2532 3128 2631 Suppliciis
3177 2555 3418 2607 autem
3471 2531 3714 2607 addita
3759 2535 3919 2608 sunt
3969 2534 4286 2618 ludibria

1501 2639 1850 2744 ,judicum
1901 2635 2365 2723 adulatione,
2426 2657 2521 2707 an
2569 2632 2924 2732 Principis
2982 2632 3285 2734 ingenio
3344 2631 3722 2709 incertum.
3783 2633 4005 2709 Certe
4059 2638 4269 2708 hortos

1505 2746 1660 2839 suos
1694 2747 1748 2811 ei
1784 2739 2144 2835 speHaculo
2176 2739 2348 2808 Nero
2396 2735 2738 2806 obtulerat.

1630 2837 2041 2934 Quomodo
2092 2856 2332 2909 autem
2403 2831 2704 2908 cremati
2757 2831 3030 2908 fuerint
3074 2830 3462 2918 Christiani
3522 2833 3747 2912 docet
3804 2851 4012 2911 vetus
4056 2833 4287 2918 Schos

1409 2988 1413 2993 ι
1519 2937 1751 3013 liastes
1784 2935 2195 3025 Juvenalis,
2228 2933 2453 3033 Satyr.
2486 2933 2565 3022 I,
2611 2953 2781 3033 155.

1986 3089 2142 3151 Pone
2171 3088 2539 3171 Tigellinum,
2575 3089 2700 3150 redd
2733 3089 2940 3152 lucebis
2967 3092 3027 3154 in
3053 3091 3152 3154 illd
3174 3108 3199 3169 ,'

1987 3169 2130 3310 gud
2152 3168 2372 3249 stantes
2411 3167 2645 3260 ardent,
2688 3170 2779 3249 qui
2799 3170 2939 3263 fixo‘
2950 3191 3176 3253 gutture
3199 3172 3470 3254 ficmantg

2041 3266 2069 3309 t
2099 3247 2274 3314 latum
2297 3246 2703 3327 medtdficlcum
2747 3247 2964 3312 deducit
3000 3254 3194 3317 arenti.

1515 3387 1969 3465 Scholiastes,
2013 3390 2226 3477 Pone,
2265 3390 2375 3459 hoc
2426 3385 2511 3484 est
2542 3393 2607 3459 in
2625 3388 2859 3487 satyra
2888 3416 3158 3484 ponere,
3200 3397 3567 3491 vituperare
3609 3393 4051 3493 Tigellinum,
4102 3420 4282 3496 quem

1497 3492 1568 3589 fi
1603 3492 1869 3587 laeseris,
1897 3493 2089 3560 vivus
2130 3488 2376 3560 ardebis
2403 3540 2424 3575 ,
2475 3490 2998 3587 quemadmodum
3047 3497 3115 3563 in
3161 3518 3413 3567 munere
3453 3500 3721 3567 Neronis
3762 3500 3905 3566 vivi
3941 3498 4279 3590 arserunt,

1514 3590 1589 3672 de
1632 3591 1852 3689 quibus
1901 3589 2012 3670 ille
2033 3586 2301 3687 jufferat
2334 3613 2535 3658 cereos
2562 3587 2726 3689 fieri
2782 3612 2852 3661 ut
2885 3592 3161 3664 lucerent
3174 3595 3676 3689 speHatoribus,
3731 3622 3867 3666 cum
3886 3593 4051 3690 fixa
4097 3596 4280 3692 efflent

1514 3691 1649 3761 illis
1685 3712 1957 3789 guttura
2008 3688 2181 3781 nese
2216 3711 2584 3762 curvarent.
2619 3691 2790 3760 Nero
2825 3690 3146 3788 maleficos
3180 3696 3456 3767 homines
3494 3693 3640 3767 tedd
3672 3696 3746 3765 Er
3788 3699 4014 3788 papiro
4044 3694 4278 3767 &certi

1499 3787 2034 3963 superverstiebat,
2061 3788 2154 3897 Ἐπ’
2169 3785 2265 3880 stc
2292 3786 2375 3857 ad
2410 3793 2617 3884 ignem
2649 3789 2975 3865 admoveri
2990 3795 3263 3891 jubebat
3302 3819 3375 3871 ut
3405 3795 3721 3869 arderent.
3763 3792 4053 3868 Poenam
4082 3794 4271 3868 hanc

1512 3886 1696 3961 dunt
1789 3881 2115 3970 uvenalis
2153 3887 2380 3988 Satyr.
2410 3885 2635 3983 Vm,
2676 3912 2722 3960 2
2735 3908 2855 3990 35,

2542 4061 2559 4080 ·
2643 4044 2861 4108 Tunica
2899 4047 3080 4123 perire
3107 4046 3339 4127 molestd.

1508 4155 1848 4257 Explicat
1883 4172 2125 4230 autem
2148 4174 2357 4232 vetus
2390 4159 2868 4236 Scholiastes:
2909 4163 3149 4232 Tunica
3174 4214 3194 4247 ,
3230 4157 3309 4230 id
3341 4157 3442 4231 est
3467 4154 3655 4260 vestis
3698 4187 3781 4233 ex
3808 4163 4272 4260 chartdfaela,

1498 4263 1644 4358 pice
1701 4260 1894 4329 inlita
1922 4312 1942 4345 ,
1997 4263 2066 4328 in
2123 4257 2247 4356 qud
2293 4262 2543 4356 ignibus
2586 4260 2826 4332 addicti
2872 4260 3095 4331 ardere
3101 4259 3338 4353 solent.

1614 4355 1834 4431 Forte
1889 4382 2184 4459 quoque
2220 4357 2312 4432 ad
2338 4356 2906 4433 Christianorum
2947 4356 3382 4457 supplicium
3428 4358 3779 4460 respexit,
3833 4361 3879 4435 fi
3943 4362 4273 4435 nondum

1511 4458 1894 4532 atrocitate
1916 4461 2326 4557 temporum
2356 4485 2397 4532 a
2427 4457 2817 4534 scribendo
2862 4459 3241 4533 deterritus
3265 4515 3285 4548 ,
3322 4463 3623 4548 Seneca,
3650 4460 3784 4560 Ep.
3813 4460 4006 4533 XIV.
4037 4467 4272 4558 Ingens

1512 4562 1778 4653 alterius
1814 4561 1971 4629 mali
2012 4584 2251 4654 pompa
2278 4560 2363 4659 est
2380 4587 2410 4646 ‚·
2425 4565 2687 4655 ferrum
2711 4566 2879 4632 circa
2905 4562 2979 4658 se
3012 4563 3084 4633 Eo·
3112 4567 3286 4658 ignes
3313 4564 3531 4651 habet,
3575 4564 3650 4632 &
3691 4584 3940 4632 catenas
3960 4613 3984 4647 ,
4018 4560 4091 4630 ἐπ’
4119 4582 4266 4627 tur-

1505 4656 1962 4750 bamferarum
1984 4715 2002 4741 ‚
2035 4683 2226 4755 quam
2262 4666 2330 4732 in
2358 4662 2599 4756 viscera
2630 4666 2943 4733 immittat
2983 4663 3283 4732 humana.
3322 4665 3553 4759 Cogita
3587 4663 3695 4732 hoc
3727 4661 3857 4730 loco
3909 4683 4219 4729 carcerem
4241 4707 4271 4745 ‚

1512 4754 1590 4823 fo·
1641 4781 1883 4842 cruces,
1926 4756 2001 4827 ὃ
2025 4761 2303 4845 eculeos,
2337 4761 2413 4833 ἐπ’
2464 4786 2691 4838 uncum
2710 4787 2740 4846 ,·
2787 4762 2863 4833 ἐπ’
2897 4760 3192 4832 adactum
3217 4820 3234 4845 ,
3280 4787 3397 4853 per
3448 4760 3722 4832 medium
3776 4762 4083 4833 hominem
4112 4812 4132 4845 ,
4161 4762 4272 4857 qui

1497 4875 1618 4949 per
1653 4875 1716 4923 os
1760 4877 2044 4949 emergat
2064 4908 2087 4944 ,
2106 4856 2394 4953 stipitem
2414 4882 2443 4949 3
2478 4863 2555 4935 fo·
2595 4860 2901 4960 distracta
2936 4865 3007 4933 in
3044 4860 3363 4958 diveificm
3401 4862 3559 4937 affis
3612 4861 3898 4933 cruribus
3937 4859 4217 4961 membra
4234 4880 4274 4943 3

4036 5002 4272 5079 illam
