4975 6149
912 413 1303 509 LIBRI
1368 411 1865 507 DECIMI
1927 410 2320 505 SEXTI
2386 415 3141 518 ANNALIUM.
3269 375 3519 541 3115

631 597 1072 689 Neronem
1123 610 1565 695 tyrannum
1620 593 1644 629 ¹
1701 616 1796 668 ».

764 717 1078 809 LXX.
1144 714 1336 800 Hts
1391 711 1646 798 viElus
1705 707 1968 798 videri
2026 714 2293 826 gestiit
2342 710 2669 822 Galba,
2715 717 2949 803 senili
3005 721 3449 816 ambitione

638 860 728 942 ὃ(
769 844 1185 938 veteribus
1223 841 1579 953 auguriis
1621 847 1653 889 ²
1686 900 1720 945 ,
1754 837 2102 959 quorum
2137 870 2364 957 grata
2405 844 2638 929 durat
2671 853 3067 936 memoria
3086 913 3118 958 ,
3157 848 3450 942 a'sum—

639 976 778 1069 ma
822 979 970 1093 spe
1007 1003 1179 1061 non
1229 967 1575 1056 alienus.
1606 966 1747 1054 Illi
1818 973 2062 1057 etiam
2112 1003 2304 1058 cura
2351 973 2662 1059 dudum
2708 978 2969 1065 inerat
3027 981 3449 1100 populari..

522 1121 580 1219 5
641 1109 794 1197 bus
839 1103 1114 1189 studiis
1158 1101 1480 1185 animos
1515 1125 1895 1216 captare:
1951 1131 2108 1187 nec
2176 1132 2319 1217 per
2368 1105 2553 1188 οᾶο
2629 1136 2886 1192 annos
2969 1110 3004 1214 (
3054 1100 3182 1196 tot
3228 1117 3451 1203 enim

647 1233 1135 1350 Hispaniam
1170 1225 1505 1342 regebat
1548 1233 1575 1332 )
1628 1256 2268 1344 procuratorum.
2304 1229 2716 1318 violentiae
2754 1234 2838 1319 se
2883 1265 3269 1350 umquam
3315 1266 3456 1331 att-⁴

647 1359 1370 1453 commodaverat:
1405 1352 1690 1442 solitus
1725 1388 2049 1471 quoque
2085 1369 2109 1419 ³
2152 1361 2248 1443 iis
2278 1419 2309 1465 ,
2354 1363 2497 1473 qui
2537 1391 2820 1447 eorum
2864 1360 3177 1472 injuriis
3223 1399 3455 1458 era-nt

642 1491 990 1579 obnoxii
1011 1548 1040 1593 ‚
1067 1484 1398 1605 publice
1414 1482 1863 1571 condolere
1893 1521 1909 1569 :
1952 1484 2336 1604 probrosa
2364 1519 2563 1574 vero
2588 1491 2961 1581 adversus
2985 1495 3453 1612 Principem

646 1621 1005 1706 carmina
1076 1615 1352 1730 passim
1411 1614 1922 1699 circumferri
1961 1618 2388 1707 recitative
2435 1620 2769 1733 impune
2814 1617 3156 1728 ferebat.
3224 1623 3455 1710 Tali-

485 1768 592 1836 ἰο
642 1746 790 1833 bus
833 1740 1268 1829 imminuta
1316 1744 1715 1858 Principis
1773 1746 2240 1831 au&oritate
2267 1807 2296 1853 ,
2349 1746 2575 1830 suam
2611 1748 3111 1835 intenderat.
3163 1751 3453 1865 Itaque

645 1877 959 1961 animos
1006 1871 1181 1957 suas
1245 1872 1331 1953 in
1394 1897 1658 1987 partes
1704 1869 2083 1960 inclinari
2144 1876 2366 1991 poss‘e
2419 1900 2635 1960 ratus
2665 1935 2694 1980 ‚
2750 1876 3246 1994 Carthagine
3293 1911 3453 1965 no-

641 2000 748 2090 va
788 2012 830 2063 4
876 2001 1315 2117 provincia:
1364 2024 1870 2084 conventum
1913 2002 2168 2087 edixit
2201 2061 2229 2105 ,
2283 2033 2450 2115 quo
2496 2038 2541 2081 <c
2577 2005 3169 2091 manumissioni
3210 2038 3454 2093 vaca-

648 2155 838 2215 »ret
883 2163 971 2212 ».
1022 2130 1228 2214 Haec
1276 2125 1676 2213 obtentui.
1727 2128 2051 2215 Interea
2120 2134 2425 2233 amici,
2492 2157 2584 2214 ut
2637 2133 3038 2217 cresceret
3101 2132 3452 2219 celebri-

644 2283 764 2344 tas
794 2316 824 2363 ,
875 2255 1108 2341 favor
1151 2255 1436 2340 senfim
1488 2252 1922 2368 glisceret,
1969 2291 2015 2334 ε(
2057 2260 2190 2368 agi
2229 2257 2327 2342 de
2370 2255 2680 2341 summa
2716 2259 3050 2374 Imperii
3098 2294 3143 2339 2>
3196 2261 3455 2346 secrew

497 2409 587 2491 15
647 2388 747 2471 tis
796 2383 1255 2469 rumoribus
1308 2383 1706 2498 spargere.
1746 2385 1994 2469 Dicto
2072 2385 2259 2491 die,
2304 2412 2399 2469 ut
2465 2387 2815 2501 primum
2870 2384 3137 2473 Galba
3193 2387 3453 2489 tribu-2

645 2510 784 2599 nal
831 2511 1314 2598 conscendit
1341 2571 1371 2616 ,
1424 2513 1824 2597 immenso
1883 2509 2244 2598 clamore
2297 2514 2743 2621 Imperator
2783 2524 2814 2580 ⁵
2866 2512 3284 2600 salutatur.

769 2640 1129 2724 LXXI.
1195 2640 1346 2723 AT
1384 2636 1570 2744 ille,
1598 2638 1742 2724 ubi
1764 2636 2170 2724 filentium
2214 2641 2422 2726 fecit
2443 2701 2475 2746 ,
2517 2675 2563 2718 c<
2590 2645 3018 2728 Neronem
3043 2701 3072 2746 ,
3117 2646 3257 2754 qui
3281 2643 3452 2730 sce-

646 2765 880 2853 »Iera
931 2765 1364 2853 sceleribus
1429 2792 1910 2852 contexeret
1934 2826 1964 2872 ‚
2018 2796 2176 2852 nec
2239 2767 2385 2851 nifi
2461 2799 2605 2883 per
2670 2770 2980 2882 flagitia
3032 2778 3117 2854 ὃ(
3164 2771 3451 2857 funera

646 2895 1264 2979 »dominaretur
1339 2929 1386 2971 2>
1459 2894 1886 2979 infestatus
1922 2953 1956 2999 ,
2024 2892 2291 2978 subito
2350 2893 2452 2979 ad
2512 2893 3187 2980 nobiliffimorum
3239 2929 3450 3008 quo-

484 3044 596 3104 20
647 3053 987 3137 rumque
1032 3026 1197 3109 hoc
1233 3023 1707 3138 Principatu
1761 3023 2354 3110 trucidatorum
2406 3023 2801 3137 imagines
2845 3020 2939 3128 ⁶,
2992 3019 3252 3137 longo
3312 3056 3449 3110 or-

647 3153 840 3238 dine
893 3151 1303 3268 dispofitas
1369 3152 1617 3236 vertit
1650 3210 1681 3256 ,
1731 3160 1816 3236 &
1864 3154 2284 3265 geminato
2341 3153 2594 3237 animi
2647 3182 2746 3236 ac
2813 3153 3045 3235 vocis
3106 3153 3453 3257 ardore.

655 3315 710 3360 «
737 3284 941 3367 Non
977 3284 1179 3367 meis
1213 3338 1243 3385 ,
1289 3313 1344 3357 >2
1383 3279 1713 3391 inquit,
1764 3313 1813 3359 (ε
1854 3277 2120 3365 verbis
2148 3339 2177 3384 ‚
2209 3278 2350 3363 sed
2385 3281 2662 3366 vestris
2701 3274 2968 3364 oculis
3016 3281 3447 3363 Neronem

639 3408 1217 3523 »cognoscite
1285 3404 1990 3524 Contemplamini
2036 3405 2434 3526 pallentes
2483 3434 2616 3494 tot
2660 3407 3061 3492 Caesarum
3116 3402 3391 3492 vultus
3415 3449 3448 3514 9

643 3538 1072 3623 »Neronis
1144 3563 1455 3653 patrem
1491 3595 1522 3642 ,
1582 3562 1921 3623 matrem
1949 3595 1982 3643 ,
2054 3567 2399 3622 uxorem
2453 3567 2481 3643 ‘,
2559 3536 2942 3640 fratrem,
2995 3535 3356 3620 sororem
3416 3557 3451 3642 ,‘

475 3683 584 3782 '25
646 3668 1045 3750 »amitam
1084 3724 1112 3770 ,
1178 3665 1678 3781 propinquos
1715 3726 1746 3771 ,
1810 3666 2111 3752 adfines
2153 3724 2183 3772 ,
2253 3690 2579 3749 veneno
2617 3725 2646 3770 ‚
2706 3663 2923 3749 ferro
2960 3721 2989 3766 ,
3072 3661 3448 3751 omnibus

645 3795 994 3879 ¹»mortis
1038 3791 1469 3907 generibus
1523 3791 1882 3880 sublatos
1937 3792 2044 3878 ob
2096 3792 2457 3879 rabidam
2501 3792 2897 3905 regnandi
2948 3791 3485 3906 cupidinem.'

644 3921 1336 4036 »Circumspicite
1370 3920 1717 4005 Burrum
1738 3980 1769 4027 ,
1807 3922 2304 4007 Lateranum
2334 3982 2365 4027 ,
2399 3922 2823 4010 Vestinum
2851 3979 2882 4025 ,
2919 3918 3019 4003 C.
3053 3918 3397 4004 Caffium
3414 3975 3451 4021 ,

646 4049 1067 4134 »Lucium
1104 4052 1546 4155 Veterem,
1592 4057 1677 4135 ὃ(
1723 4075 1853 4136 tot
1901 4048 2141 4137 Urbis
2181 4053 2573 4167 primores
2614 4049 2716 4135 ad
2762 4048 3169 4133 servitutis
3214 4046 3457 4132 subfiv

652 4206 699 4261 v
718 4177 942 4262 dium
981 4175 1292 4263 crudeli
1316 4176 1490 4263 fato
1524 4206 2021 4298 peremptos.
2047 4181 2330 4266 Vestra
2353 4237 2383 4288 ,
2417 4179 2675 4266 vestra
2705 4176 2978 4266 videte
3015 4177 3343 4289 ingenia
3367 4184 3454 4280 ⁷,

730 4383 754 4415 ¹
816 4374 1147 4440 Nnaomm
1199 4399 1554 4444 munuum
1602 4381 1635 4456 ]
1692 4380 2004 4446 Plutarch.
2165 4392 2187 4439 5
2232 4378 2675 4454 Imaum-on]
2721 4373 3032 4441 Plutarch·
3082 4372 3152 4434 in
3185 4369 3387 4435 Galb5
3416 4413 3442 4447 2

633 4449 808 4517 3bid.
849 4455 928 4518 ’ὅτι
971 4457 1026 4518 αὶ
1073 4457 1286 4520 Charra
1335 4457 1587 4536 P‘npae'x‘s
1613 4458 1743 4536 ’ἔχειν
1783 4459 2010 4542 ἔρχονται
2085 4481 2223 4543 pag.
2264 4480 2451 4542 1055·
2472 4461 2668 4522 πάντες
2702 4457 2849 4517 miv-in
2879 4451 3146 4535 ὅμοφᾶνυς
3183 4450 3445 4532 nov-mph-

634 4539 836 4613 ’ἄλλον
871 4534 901 4600 2’3
938 4536 1138 4618 Nipnm
1171 4540 1420 4620 Tcipaemr.
2086 4567 2212 4618 rope
2242 4544 2528 4620 προσ-εἶπον.
2949 4606 2967 4622 “

723 4619 748 4648 ²
789 4617 1150 4681 meuflus
1200 4617 1559 4692 autumus]
1627 4615 1727 4678 De
1783 4616 2011 4713 quibus
2166 4619 2196 4658 ⁶
2236 4615 2601 4691 Imaomns]
2641 4616 2901 4677 Sueton.
2948 4627 3017 4671 m
3072 4606 3312 4683 Galba,
3363 4609 3455 4671 Xe

633 4691 1086 4837 {uvirllhabet
1124 4694 1464 4761 Suetonius
1508 4693 1579 4757 in
1626 4694 1868 4775 Galba,
1923 4698 2011 4761 lv
2090 4695 2416 4836 ¹Orationis
2461 4696 2765 4759 summam
2813 4692 3007 4764 habe-t
3063 4687 3452 4766 Plutarchus,

900 4817 918 4833 .
2118 4796 2219 4838 OC.
2251 4788 2366 4840 clt-

725 4860 750 4904 3
795 4853 1071 4914 Somrus
1120 4876 1377 4928 QUOQUE
1411 4856 1445 4930 ]
1505 4851 1812 4916 Plutarch.
1853 4850 2012 4914 ibid.
2171 4863 2199 4906 7
2246 4856 2498 4914 Vnsrm
2535 4868 2782 4915 vma‘nz
2826 4849 3141 4924 monum]
3174 4850 3459 4922 Seneca}

720 4936 757 4976 4
796 4928 1224 4993 CAaruAcmn
1267 4933 1502 5009 nova]
1545 4935 1736 4996 Nunc
1772 4929 2015 5002 Cartha·
2093 4933 2383 4995 Lucanus
2407 4974 2427 5002 ,
2462 4927 2850 4992 immortalia
2893 4926 3206 5007 Hispaniae
3257 4927 3455 4995 deco·

629 5025 823 5091 gene,
862 5005 936 5074 in
967 5005 1268 5089 Hispania
1293 5011 1782 5081 Tarraconensi.
2092 5028 2201 5093 ra,
2240 5007 2585 5092 Corduba,
2615 5005 2900 5089 Cerdone,
2940 5006 3233 5076 oriundi.

3498 629 3736 678 Ξ

3497 709 3739 769 A.U.C.

3542 804 3691 864 821.
3782 892 3785 893 γ

3541 917 3593 970 J.
3618 920 3680 970 C.

3564 1012 3672 1077 68.
3692 1049 3707 1063 α
