4975 6149
1510 407 1685 504 348
1810 375 2346 482 *NoTAE
2434 389 2611 476 ET
2702 370 3989 479 EMENDATIONES‘

1514 578 1645 624 cem
1699 550 2065 624 Romanam
2094 602 2118 635 ‚
2159 547 2417 620 deorum
2448 547 2662 644 fidem
2705 550 3010 645 perfia-uti
3036 548 3216 645 sunt.
3251 538 3557 641 Optime
3607 534 3906 639 quidem
3935 536 4136 613 -vidit
4185 539 4299 617 Cl:

1517 649 1929 725 Chiffletius
1972 672 2016 720 a
2058 646 2362 721 librariis
2388 672 2770 747 perperam
2807 648 3149 748 scriptum
3181 670 3300 717 ara
3326 646 3623 714 Romana
3645 661 3783 736 pro
3815 663 3958 709 arce
3976 639 4295 751 Romanas

1515 750 1785 824 Cetera
1808 747 2105 822 ‘minime
2128 746 2293 822 sunt
2312 747 2783 822 Corneliana.
2817 745 3040 821 Haud
3065 742 3355 819 felicior
3378 739 3438 814 J.
3468 737 3616 813 FR.⁴
3648 736 4115 830 Gronowm,
4147 743 4300 841 quid

1498 848 1573 945 fi
1607 855 1911 920 memoria
1951 875 2167 919 eorum
2195 854 2580 934 moriretur,
2665 852 2733 918 ui
2770 848 3164 941 Capitolium
3192 844 3263 914 Ετ
3301 866 3510 929 arcem
3545 837 3955 925 Romanam,
3993 843 4299 915 manibui

1519 946 1877 1020 eorumdem
1931 947 2327 1043 prostratis?
2389 875 2849 1021 subauditum
2918 949 3156 1030 'utat‚
3194 941 3584 1036 obsederint.‘
3627 935 3818 1011 Haec
3885 937 4063 1012 dura
4087 964 4114 1029 3
4159 948 4298 1019 nec

1582 1044 1880 1118 rostrata
1905 1044 2067 1118 sunt
2101 1044 2461 1144 Capitolii
2498 1045 2811 1117 moenia:
2839 1045 2900 1116 C
2936 1080 2953 1117 ·.
2986 1037 3409 1115 Lallemand
3438 1057 3696 1110 monet
3720 1036 4116 1139 legendum
4134 1066 4297 1120 cum

1524 1072 1671 1222 ξπ.
1709 1144 2106 1220 Gronovio
2136 1147 2378 1235 :Quid
2408 1144 2480 1242 fi
2521 1145 2825 1217 memorid
2858 1169 3071 1216 eorum
3100 1162 3505 1214 moverentur
3528 1198 3546 1225 ,
3582 1143 3690 1237 qui
3714 1164 3836 1232 pro
3870 1143 4194 1234 Capitolio
4223 1145 4297 1217 ὃ·

1528 1270 1673 1318 arce
1699 1245 1997 1318 Romand
2040 1247 2328 1318 manibus
2373 1245 2729 1317 eorumdem
2762 1242 3072 1341 prostrati
3103 1237 3315 1339 sunt?
3360 1266 3482 1335 pro
3531 1241 3847 1333 Capitolio
3912 1235 4110 1313 idem
4157 1240 4297 1318 effe

1525 1368 1616 1417 ac
1662 1360 1810 1418 ante
1861 1348 2273 1441 Capitolium.
2335 1343 2481 1418 Sed
2531 1345 2763 1432 certe,
2808 1344 3114 1416 memorid
3167 1352 3379 1414 eorum
3434 1362 3838 1412 moverentur
3883 1342 3957 1412 δε
4010 1342 4298 1443 manibur

1526 1446 1886 1518 eorumdem
1940 1444 2250 1540 prostrati
2284 1448 2444 1541 fient
2494 1443 2583 1519 ab
2643 1443 2776 1518 usu
2842 1441 3152 1544 stiloque
3225 1436 3472 1514 Taciti
3541 1438 3882 1513 recedere
3942 1437 4128 1511 mihi
4190 1441 4294 1517 vi-

1531 1542 1813 1617 dentur.
1867 1542 2231 1644 Displicet
2272 1569 2569 1646 quoque
2631 1541 2995 1645 Ryckius,
3031 1541 3209 1633 Quid
3251 1539 3322 1640 fi
3377 1544 3681 1613 memoria
3734 1560 3951 1611 *eorum
4009 1543 4296 1635 innova÷

1524 1667 1747 1731 retur,
1792 1650 1901 1743 qui
1947 1651 2013 1714 in
2055 1649 2376 1739 Capitolio
2423 1649 2501 1719 &1
2529 1656 2683 1737 ⁵'arce
2729 1643 3029 1717 Romami
3082 1668 3124 1714 a
3177 1641 3523 1741 majoribus
3566 1640 3923 1712 eorumdem
3965 1637 4295 1737 prostrati.

1527 1739 1773 1816 Nemo
1824 1766 1866 1815 a
1922 1741 2154 1817 Gallis
2195 1743 2270 1816 in
2324 1741 2706 1847 Capitolio
2765 1740 3154 1843 prostratus
3186 1794 3207 1829 ,
3259 1744 3400 1814 cum
3446 1738 3793 1812 viHorihus
3837 1739 4058 1811 Gallis
4110 1743 4297 1837 capta

1522 1842 1668 1915 torci
1727 1843 1875 1914 urbe
1902 1901 1920 1928 ,
1955 1846 2350 1937 Capitolium
2377 1848 2588 1918 tamea
2620 1866 2814 1943 atque·
2838 1869 3047 1917 arcem
3089 1844 3335 1938 Diique
3363 1842 3438 1913 ξφ
3472 1842 3747 1910 homines
3774 1840 4057 1911 Romani
4083 1861 4300 1914 tenue-'-

1524 1946 1716 2028 rint,
1771 1944 2259 2033 habitaverint5
2308 1942 2484 2018 teste
2542 1940 2761 2018 Livio
2809 1942 2917 2032 V,
2959 1950 3111 2044 Ἴ’ςἰ.
3174 1938 3450 2028 Voffii,
3505 1936 3788 2012 Heinfii
3821 1935 4158 2021 *aliorum
4207 1941 4299 2017 ue

1525 2039 2163 2116 emendationibus
2206 2042 2529 2119 abstineo
2560 2099 2581 2133 ,
2629 2067 2790 2144 quae
2821 2039 3182 2116 latinitate
3243 2060 3368 2113 aut
3398 2036 3744 2113 historica
3774 2035 4081 2114 veritate
4173 2042 4299 2141 atis

1526 2138 1975 2214 refelluntur.
2009 2140 2204 2215 Cum
2253 2140 2442 2215 nihil
2490 2167 2668 2254 ergo
2705 2162 3174 2229 occurreret,
3224 2137 3426 2239 quod
3457 2137 3850 2310 cplaceret,
3897 2146 4041 2215 'n'ec
4093 2141 4300 2243 quid·-

1526 2261 1745 2338 quam
1771 2238 1922 2311 sani
1955 2263 2044 2311 ex
2069 2238 2425 2315 librorum
2452 2240 2803 2338 scriptura
2835 2239 3119 2314 extrudi
3143 2237 3379 2338 poffet
3400 2293 3421 2325 ‚
3507 2262 3626 2311 um
3663 2238 3970 2312 meliora
4013 2237 4299 2315 succur-

1527 2357 1805 2425 rerent,
1842 2336 2161 2449 suppleri
2219 2338 2419 2436 poffe
2473 2338 2913 2429 existimavi,
2950 2363 3110 2439 quae
3141 2362 3382 2439 neque
3416 2336 3567 2411 hoc
3606 2334 3787 2437 loco
3813 2393 3834 2428 ‚
3866 2361 4008 2413 nec
4053 2338 4301 2418 Taciti

1523 2456 1813 2524 mente,
1853 2435 2155 2537 ind1gna
2193 2437 2376 2529 mihi
2412 2437 2883 2512 viderentur:
2933 2439 3111 2530 Quid
3138 2437 3196 2536 fi
3241 2444 3546 2510 memoria
3585 2464 3799 2511 eorum
3838 2462 4301 2533 renovaretur,

1526 2542 1638 2633 qui
1664 2594 1681 2620 ,
1726 2537 2044 2629 Capitolio
2083 2538 2159 2611 ὃν
2198 2565 2340 2611 arce
2380 2539 2680 2611 Romami
2724 2540 3014 2611 manibus
3064 2539 3420 2610 eorumdem
3441 2538 3589 2633 fere
3619 2539 3981 2634 superatis,
4019 2547 4302 2634 pretium

1515 2635 1747 2729 populi
1789 2635 2070 2707 Romani
2114 2639 2290 2709 mille
2308 2638 2520 2732 pondo
2570 2642 2718 2710 auri
2737 2635 3064 2735 fecerint?
3103 2635 3291 2711 Haec
3316 2635 3566 2710 omnia
3586 2692 3607 2725 ,
3633 2657 3717 2709 ut
3741 2636 3949 2737 supra
3978 2637 4057 2709 in
4082 2635 4303 2716 Notis

1524 2731 1976 2823 monuimuS,
2011 2733 2341 2810 constant
2381 2762 2472 2811 ex
2510 2734 2724 2811 Livio
2758 2737 2823 2812 V
2848 2793 2868 2827 ,
2909 2763 3042 2837 39,
3078 2762 3183 2833 47
3207 2741 3277 2810 &
3305 2739 3432 2829 48.
3467 2733 3734 2825 Floro,
3778 2736 3815 2809 Ι
3838 2791 3859 2824 ,
3903 2761 4023 2836 ¹3·
4051 2736 4298 2814 Plinio

1525 2829 1882 2921 XXXIII,
1939 2859 2004 2907 1.
2048 2834 2211 2909 sea.
2251 2858 2319 2938 5.
2352 2834 2552 2910 Loca
2598 2837 2881 2938 integra
2915 2838 3180 2927 referre
3223 2834 3708 2938 supersedeo,
3735 2834 3936 2938 quod
3973 2838 4119 2937 jam
4144 2837 4299 2915 lon·

1525 2931 1692 3033 gior
1725 2930 2004 3007 fuerim.
2051 2933 2246 3010 Haec
2298 2935 2629 3012 consulat
2679 2935 2998 3014 eruditus
3026 2936 3276 3012 lector.
3571 2954 3576 2959 ’
3673 2944 3676 2949 ’

1580 3207 1587 3214 ,
1632 3132 1849 3212 CAP.
1907 3134 2173 3214 XXIV.
2226 3136 2342 3213 ΕΤ
2390 3163 2678 3217 STATIM
2725 3153 2763 3239 ·]
2809 3141 2924 3218 Ita
2961 3140 3123 3218 Mss.
3164 3140 3363 3217 Flor.
3423 3138 3652 3216 Corb.
3687 3136 4009 3213 Pichena
4041 3145 4113 3226 ὃς
4149 3136 4298 3214 Res

1522 3234 1911 3311 centioreS.
1975 3236 2066 3312 In
2110 3237 2270 3314 Mss.
2322 3239 2532 3318 Harl.
2585 3242 2803 3318 Bodl.
2851 3241 2989 3319 Jes.
3058 3239 3543 3318 &·veteribus
3612 3237 4056 3315 editionibus
4104 3245 4302 3315 etiam

1507 3334 1766 3431 statim.
1811 3336 2116 3412 Mallem
2158 3344 2351 3412 etiam
2398 3342 2521 3417 vel
2572 3345 2647 3416 ξφ
2691 3342 2958 3417 omitti.

1627 3431 1772 3509 ITA
1830 3460 2165 3512 Exonsus
2222 3463 2353 3512 ts‘r
2402 3447 2440 3535 ]
2516 3440 2902 3542 Exemplar
2955 3438 3255 3540 hujusce
3306 3439 3658 3516 orationis
3716 3436 4063 3530 Claudii,
4108 3440 4306 3516 aerea
4403 3527 4406 3530 ,

1521 3530 1815 3623 tabula,
1865 3532 2091 3636 longa
2149 3538 2372 3635 pedes
2439 3538 2761 3643 quinque
2790 3596 2811 3631 ‚
2852 3537 3102 3616 uncias
3149 3544 3317 3616 octo
3348 3597 3368 3632 ,
3445 3540 3590 3615 lata
3706 3538 3874 3614 edes
3920 3557 4234 3638 quatuor
4272 3587 4297 3626 ,

1520 3632 1814 3706 unciam
1849 3658 2110 3724 unam,
2163 3635 2406 3711 incisae
2440 3692 2462 3728 ‚
2509 3661 2874 3741 repertum
2915 3640 3016 3715 est
3046 3637 3388 3742 Lugduni
3433 3641 3511 3715 in
3555 3665 3648 3714 co
3681 3639 3750 3713 le
3791 3635 4026 3712 Sanffi
4062 3634 4300 3710 Sebas-

1516 3727 1703 3804 tiani
1750 3757 1945 3807 anno
2000 3756 2401 3829 mnxxvnr,
2443 3737 2613 3815 cum
2658 3739 2998 3817 rimandis
3058 3741 3258 3844 aquis
3308 3740 3682 3817 foderetur
3748 3759 3936 3812 terra
3962 3791 3983 3824 ,
4030 3756 4114 3811 ut
4161 3734 4300 3811 do·-

1519 3851 1642 3904 cet
1685 3831 1764 3906 P.
1817 3831 1937 3906 De
1989 3829 2315 3912 Colonia
2387 3841 2458 3914 S.
2523 3838 2602 3916 J.
2670 3842 2951 3941 Histoire
3009 3845 3363 3917 Litte'raire
3407 3842 3483 3915 &⁹
3534 3839 3907 3932 Antiquite's
3949 3837 4025 3908 de
4074 3839 4301 3937 Lyon,

1515 3926 1743 4003 Tom.
1788 3930 1849 4004 Ι.
1894 3956 2063 4104 pag.
2111 3956 2283 4035 134.
2331 3936 2527 4012 Cum
2570 3963 2730 4015 eam
2770 3940 3281 4017 accuratissime
3324 3937 3594 4012 editam
3631 3932 3901 4010 vellem
3929 3989 3951 4022 ,
4002 3931 4120 4009 Cl.
4162 3935 4299 4011 Be-

1518 4027 1698 4098 raud
1726 4082 1749 4114 ,
1795 4053 1933 4127 pro
2013 4034 2107 4106 ua
2142 4035 2591 4114 humanitate
2620 4095 2644 4129 ,
2697 4065 2739 4113 a
2786 4042 2858 4115 se
2908 4037 3338 4136 descriptam
3385 4041 3455 4109 δι
3500 4058 3662 4106 cum
3706 4033 4101 4133 exemplari
4144 4036 4296 4110 col-

1516 4123 1739 4202 latam
1780 4125 1874 4199 ad
1915 4154 2030 4203 me
2070 4133 2447 4209 transmifit
2472 4191 2494 4224 ,
2538 4139 2734 4212 unde
2784 4137 3160 4222 fincerior‚
3195 4133 3410 4234 quam
3461 4129 3655 4231 apud
3678 4130 4071 4209 Gruterum
4121 4130 4292 4237 pag.

1517 4246 1659 4299 1211.
1707 4225 2085 4329 ipsumque
2128 4230 2249 4306 De
2298 4233 2666 4327 Colonia,
2722 4235 3002 4310 servata
3056 4232 3275 4308 etiam
3315 4224 3894 4337 interpungendi
3957 4234 4241 4309 ratione
4272 4289 4297 4323 ,

1513 4321 1639 4398 hic
1672 4351 1750 4400 re
1808 4326 2320 4406 raesentabitur.
2353 4331 2578 4407 Periit
2610 4389 2630 4422 ,
2682 4356 2764 4408 ut
2787 4334 2969 4410 mihi
3011 4333 3302 4408 videtur
3330 4389 3353 4426 ,
3382 4331 3607 4407 altera
3633 4330 3881 4405 tabula
3908 4387 3930 4422 ,
3958 4354 4079 4416 aut
4098 4333 4295 4407 forte

1514 4445 1678 4520 pars
1719 4354 2047 4524 siiperior
2090 4431 2298 4531 hujus
2334 4430 2763 4522 tabulae,.in
2801 4435 2945 4537 qua
2970 4432 3221 4510 titulus
3267 4431 3622 4510 orationis
3668 4437 3739 4506 &
3784 4431 4063 4531 aliquot
4089 4449 4293 4503 erant

1514 4522 1872 4600 orationis
1916 4527 2152 4606 lineae.
2204 4530 2242 4604 I
2299 4531 2370 4604 sa
2418 4531 2635 4604 etiam
2661 4588 2681 4621 ,
2710 4559 2870 4636 qua:
2914 4534 3230 4636 superest
3259 4590 3280 4625 ‚
3321 4534 3570 4609 tabula
3607 4532 3680 4604 in
3711 4529 3881 4601 duas
3907 4547 4142 4624 partes
4186 4526 4291 4599 in-

1493 4618 1701 4697 :uria
1769 4643 2181 4725 temporum
2226 4557 2566 4706 diffracta.
2623 4631 2887 4725 Nunc,
2931 4656 3013 4709 ut
3057 4635 3268 4711 licuit
3285 4625 3321 4732 ,'
3358 4647 3905 4737 coagmentata>
3940 4619 4162 4698 exstat
4211 4623 4295 4700 in

1571 4716 2352 4832 ugdunenfipraetorio
2387 4787 2412 4829 ,
2470 4733 2538 4808 la
2565 4734 2906 4831 maison-de
2938 4738 3122 4820 ville.
