4975 6149
1451 474 1643 553 244
1996 444 2097 531 c,
2216 441 3034 529 CORNELII
3146 441 3725 530 TACITI

1458 632 1770 726 pererat
1804 628 1834 711 3
1899 607 2040 693 sed
2119 634 2213 692 ut
2285 606 2508 693 ferro
2579 608 3100 722 grassaretur,
3170 609 3495 720 quando
3583 637 3994 695 venenum
4070 639 4244 696 non

1146 721 1409 883 *ἕλεα
1461 734 1943 854 process‘erat
1998 746 2056 819 ¹.
2106 733 2348 820 Solus
2400 737 2700 851 quippe
2749 733 3125 840 Natalis,
3177 743 3261 820 ὅ(
3318 739 3701 824 ὴεξὶεηιιε
3731 745 3762 780 ²
3812 740 4239 852 prompsit:

1217 839 1370 985 3⁰¹0]
1438 920 1443 927 -
1475 899 1521 942 c<
1545 863 1862 948 missum
1891 862 1971 947 se
2008 862 2106 948 ad
2143 890 2533 975 aegroturn
2559 866 2960 949 Senecam
2981 923 3011 965 ,
3040 866 3161 944 uti
3198 863 3493 947 viseret
3517 925 3543 966 ‚
3578 889 4244 974 conquereretur-

1234 1025 1340 1099 ⁶5·
1458 1020 1680 1103 »que
1706 1049 1734 1094 ,
1775 1020 1920 1074 cur
1957 991 2334 1075 Pisonem
2375 990 2597 1075 aditu
2633 994 2994 1081 arceret?
3051 985 3342 1072 melius
3379 990 3554 1072 fore
3584 1049 3612 1094 ,
3677 992 3732 1073 st
3795 992 4234 1099 amicitiam

1455 1116 1896 1202 »familiari
1944 1116 2368 1231 congressu
2406 1118 3052 1201 exercuissent».
3105 1114 3212 1199 Et
3255 1116 3744 1231 respondisse
3792 1121 4234 1203 Senecam:
4352 1137 4399 1216 5

1434 1270 1523 1335 ,ζα
1552 1244 1959 1330 sermones
2012 1271 2341 1329 mutuos
2360 1305 2389 1348 ,
2453 1252 2538 1329 ὅ(
2592 1244 2870 1355 crebra
2924 1241 3342 1355 colloquia
3400 1249 3666 1329 neutri
3728 1245 4230 1332 conducere:

1436 1404 1506 1455 ,22
1527 1377 1886 1457 ceterum
1935 1370 2273 1456 salutem
2340 1370 2565 1455 suam
2615 1369 3182 1457 incolumitate
3223 1371 3534 1456 Pisonis
3597 1374 3963 1457 inniti».
4027 1374 4235 1459 Haec

1434 1500 1662 1583 fferre
1706 1502 2058 1583 Granius
2108 1496 2484 1584 Silvanus
2510 1559 2540 1601 ,
2585 1497 2952 1583 tribunus
3001 1501 3380 1614 praetoriae
3413 1503 3775 1584 cohortis
3806 1561 3833 1603 ,
3873 1507 3953 1581 ὅ(
3977 1557 4006 1600 ,
4048 1530 4094 1574 α
4131 1528 4236 1585 an

1452 1626 1727 1710 »dieta
1760 1624 2125 1728 Natalis,
2182 1625 2477 1735 suaque
2517 1627 2893 1741 responsa
2942 1627 3427 1728 nosceret»,
3458 1604 4232 1739 percunciariSene-

1434 1782 1640 1837 *cam
1690 1749 2036 1861 jubetur.
2078 1753 2156 1836 Is
2184 1810 2214 1855 ,
2265 1752 2526 1856 forte,
2587 1783 2689 1836 an
2727 1752 3129 1868 prudens,
3177 1754 3281 1837 ‘ad
3330 1782 3515 1835 eum
3564 1754 3778 1839 diem
3820 1780 3925 1839 ex
3981 1751 4229 1835 Cam·
4298 1768 4400 1825 10

1456 1877 1695 1994 pani&
1769 1904 2267 1964 remeaverat
2304 1937 2334 1982 ‚
2403 1907 2936 1991 quartumque
3008 1879 3223 1996 apud
3305 1877 3658 1995 lapidem
3687 1939 3715 1984 ,
3776 1875 4232 1965 suburbano

1432 2034 1640 2090 ‚rure
1690 2016 1760 2109 ³,
1807 2006 2278 2091 substiterat.
2334 2005 2552 2111 Illo,
2597 2005 3049 2121 Propinqua
3096 2006 3427 2121 vespera
3449 2067 3478 2110 ,
3532 2007 3897 2093 tribunus
3952 2009 4233 2110 venit,

1458 2140 1544 2217 ὅ(
1583 2130 1863 2216 villam
1901 2130 2167 2244 globis
2203 2129 2557 2215 militum
2603 2134 2860 2246 sepsit.
2894 2134 3111 2215 Tum
3139 2133 3278 2245 ipsi
3301 2192 3328 2234 ,
3360 2122 3563 2216 ⁸<zum
3593 2128 3978 2248 Pompeia
4004 2130 4234 2218 Paul-

1440 2255 1624 2341 lina
1651 2270 1690 2317 4
1723 2286 1978 2341 uxore
2025 2266 2108 2341 ὅ(
2161 2257 2441 2343 amicis
2481 2255 2794 2341 duobus
2837 2257 3258 2370 epulanti,
3294 2257 3669 2342 mandata
3714 2258 4231 2373 Imperatoris

1452 2382 1730 2468 edidit.
4295 2403 4328 2457 1
4349 2400 4394 2480 ς

1577 2508 1835 2593 LXI.
1902 2513 2342 2616 SENECA,
2405 2544 2451 2588 c<
2496 2510 2811 2594 missum
2864 2511 2962 2596 ad
3018 2512 3100 2596 se
3161 2507 3597 2614 Natalem,
3663 2512 4232 2623 conquestum-

1446 2656 1670 2746 »que
1712 2638 2043 2720 nomine
2072 2638 2383 2723 Pisonis
2407 2699 2437 2741 ,
2490 2639 2711 2749 quod
2743 2670 2788 2722 a
2820 2639 3157 2723 visendo
3206 2668 3308 2723 eo
3338 2636 3899 2754 prohiberetur
3925 2697 3955 2742 ,
3989 2637 4230 2747 seque

1447 2765 1912 2847 »rationem
1964 2762 2448 2850 valetudinis
2505 2773 2588 2848 ὃ(
2653 2795 3009 2849 amorem
3072 2768 3365 2877 quietis
3421 2764 4037 2867 excusavisse»,
4077 2764 4227 2847 res-

1440 2890 1770 3007 pondit.
1822 2925 1867 2968 «
1899 2890 2070 2972 Cur
2100 2888 2436 2974 salutem
2479 2893 2772 3003 privati
2829 2895 3181 2976 hominis
3210 2889 3755 2975 incolumitati
3791 2889 3941 2972 suae
4002 2917 4224 2976 ante-

1445 3017 1809 3119 »ferret,
1855 3018 2174 3102 causam
2226 3047 2394 3101 non
2453 3013 2847 3103 habuiss‘e:
2904 3047 3058 3105 nec
3096 3016 3236 3103 fibi
3275 3043 3744 3135 promptum
3801 3019 3888 3100 in
3948 3014 4223 3101 adula-
4279 3029 4398 3085 20-

1442 3145 1777 3228 »tiones
1818 3144 2261 3256 ingenium.
2303 3145 2556 3254 quue
2608 3143 2815 3228 nulli
2851 3148 3106 3258 magis
3143 3176 3482 3260 gnarum
3508 3206 3537 3249 ,
3577 3141 3813 3255 quam
3851 3147 4224 3248 Neroni,

1446 3273 1652 3381 »qui
1717 3271 1993 3384 saepius
2050 3268 2509 3356 libertatem
2563 3275 2889 3358 Senecae
2913 3334 2943 3376 ‚
3007 3270 3248 3384 quam
3313 3273 3727 3357 servitium
3763 3280 3793 3337 5
3847 3295 4223 3385 expertus

1440 3396 1705 3481 »esset
1729 3432 1815 3482 ³2.
1874 3394 2032 3481 Ubi
2069 3400 2238 3482 haec
2279 3430 2322 3483 a
2362 3397 2692 3483 tribuno
2729 3397 2980 3483 relata
3031 3400 3214 3484 sunt
3242 3459 3270 3503 ,
3308 3394 3645 3513 Poppaea
3677 3406 3761 3483 ὅ(
3798 3393 4220 3510 Tigellino

1447 3541 1776 3625 coram,
1851 3522 2070 3634 quod
2136 3551 2305 3608 erat
2376 3524 2734 3608 saevienti
2802 3527 3162 3641 Principi
3209 3528 3588 3625 intimum
3650 3522 4164 3609 consiliorum
4190 3582 4220 3627 ‚

1443 3650 1940 3764 interrogat,
1996 3685 2039 3727 α
2078 3681 2182 3734 an
2216 3654 2526 3738 Seneca
2555 3649 3100 3740 voluntariam
3135 3679 3481 3740 mortem
3519 3679 3830 3770 pararet
3856 3686 3901 3731 >>
3935 3658 3961 3735 ἰ
4000 3652 4219 3737 Tum
4274 3685 4320 3737 2
4339 3676 4382 3760 5

1531 3938 1552 3968 ¹
1606 3931 1920 4018 venenox
1961 3952 2087 3995 non
2150 3939 2651 4015 rnocrssnnn]
2697 3937 2796 4001 De
2872 3936 3336 4004 fiuszsororem
3356 3937 3512 4001 vero
3528 3930 3829 4014 Ryckius.
3854 3931 4037 3996 Nihil
4060 3933 4216 3999 certi

1448 4025 1704 4070 veneno
1747 4007 1982 4070 dietum
2011 4011 2188 4090 supra
2230 4035 2300 4078 ca
2348 4061 2364 4077 .
2405 4036 2511 4097 45.
2916 4017 3269 4080 renuntiari
3324 4014 3542 4094 potest.
3590 4013 3770 4076 luam
3820 4012 4021 4078 adhuc
4064 4015 4219 4078 ado-

1529 4093 1557 4124 ²
1580 4086 1669 4148 Er
1695 4092 2063 4177 uacjrnnus]
2092 4092 2272 4155 Solus
2361 4094 2576 4170 atalis,
2602 4094 2796 4158 etiarn
2898 4096 3209 4159 escentem
3241 4092 3417 4155 fuiffe
3438 4139 3457 4167 ,
3485 4097 3628 4155 ciun
3664 4094 3794 4171 jam
3839 4093 4027 4158 senex
4066 4094 4214 4157 effet

1449 4160 1780 4242 haetenus,
1824 4166 1891 4226 1d
1916 4170 1998 4229 est
2043 4169 2119 4230 ad
2148 4169 2307 4234 hanc
2339 4173 2532 4254 usque
2577 4172 2746 4234 diem
2772 4221 2791 4249 ,
2870 4176 3140 4246 Seneca,
3184 4188 3352 4251 patet
3389 4192 3465 4233 ex
3497 4174 3745 4237 Senecae
3784 4175 3899 4254 Ep.
3927 4175 4093 4238 CIV.

1434 4242 2268 4390 -ffiss'ffipftfflfgffgamen
2336 4247 2398 4311 ὓ·
2461 4250 2790 4314 redundat.
2947 4263 2966 4307 5
3014 4254 3444 4408 herting-:nug
3490 4254 3786 4392 Suggen,
3831 4273 4212 4393 ρυΑῗιιΊεῗι-

1430 4375 1435 4380 .
1841 4369 1858 4386 .
1996 4349 2091 4389 r.
2873 4351 3113 4394 νιτιωι
3311 4352 3339 4392 r
3418 4350 3517 4403 ra,
3608 4352 3712 4394 in
3798 4354 3878 4396 ue
4008 4351 4211 4396 roo-

1534 4409 1556 4454 3
1586 4404 1967 4468 Summano
2034 4410 2262 4485 nunu]
2332 4409 2788 4478 Nomentano,
2868 4408 3019 4488 pho.
3068 4411 3190 4473 Sed
3270 4350 3414 4473 ergg
3420 4409 3543 4474 fuit
3605 4352 3859 4476 hgbeartias
3892 4354 4206 4490 ,piamque

1445 4477 1527 4539 de
1567 4500 1697 4560 quo
1721 4485 1957 4546 Seneca
2000 4487 2110 4564 Ep.
2159 4488 2323 4551 CIV.
2362 4486 2433 4547 In
2477 4488 2791 4548 Nomenta-
2868 4488 3217 4567 praevalidis
3248 4488 3552 4571 Principis
3597 4490 3790 4554 vitiis.
3834 4489 4000 4553 Prius
4047 4490 4202 4552 vero

1441 4576 1574 4647 11an
1618 4580 1793 4620 meum
1825 4559 1981 4644 fugi.
2021 4563 2184 4627 Vide
2214 4567 2414 4630 Notas
2446 4567 2517 4634 ὃς
2557 4568 2789 4630 Emen-
2867 4566 3234 4643 servitium,
3285 4567 3391 4632 seu
3453 4585 3526 4632 ut
3586 4570 3840 4633 mollius
3897 4567 4202 4654 eloquar,

1445 4634 1735 4702 dationes
1780 4641 1860 4705 ad
1903 4644 2126 4707 Annal-
2156 4647 2302 4718 XV,
2332 4653 2434 4708 60.
2869 4646 3228 4738 priusprom
3275 4646 3405 4709 tius
3439 4644 4203 4709 ue·inn0vasferoc1entis

1520 4721 1551 4761 ⁴
1574 4716 1863 4804 Pompam
1892 4723 2210 4785 ΡΑυιιηιΑ
2232 4724 2628 4800 JPaullinam
2649 4725 2791 4788 fuis·
2865 4727 3063 4788 animi
3094 4726 3209 4789 libi
3258 4726 3390 4788 ines
3485 4743 3614 4787 erat
3636 4722 4025 4814 obsequium.
4052 4723 4203 4800 Qui

1438 4787 1500 4852 se
1532 4789 1735 4884 filiam·
1786 4798 2071 4890 Pompeii
2122 4804 2364 4866 Paulini
2397 4853 2420 4897 ἓ
2478 4805 2786 4869 exercitus
2866 4805 2935 4867 in
2956 4826 3020 4868 re
3046 4809 3352 4886 quantum
3366 4802 3438 4865 fit
3463 4818 3786 4890 peccatum
3812 4801 4203 4883 intelligent,

1439 4868 1792 4964 Germanic
1838 4877 2162 4942 mfenoris
2223 4883 2416 4964 legati
2437 4932 2457 4959 ‚
2522 4885 2599 4947 de
2655 4905 2785 4976 quo
2866 4885 2976 4964 qui
3005 4884 3335 4947 hominum
3357 4927 3377 4956 ,
3403 4901 3475 4946 ac
3502 4885 3774 4947 maxime
3802 4879 4204 4965 Principum,

1436 4945 1613 5029 supra
1640 4951 1868 5015 Annal.
1903 4957 2091 5038 XIII,
2126 4980 2197 5040 53
2219 5008 2243 5041 ‚
2279 4962 2591 5037 existimat
2627 4964 2788 5044 Lip·
2864 4965 3111 5029 animos
3137 4975 3398 5028 norunt.
