4975 6149
913 446 1561 542 ANNALIUM
1622 443 1967 532 LIBER
2033 441 2546 531 DECIMUS
2611 443 3074 533 SEXTUS.
3286 478 3403 553 27
3407 480 3462 554 9

691 619 1040 711 amicum
1062 673 1093 721 ‚
1146 613 1708 698 aufiloritatem
1747 611 2043 695 Stoicae
2069 609 2288 692 sect'ae
2317 607 2785 724 praeferebat
2813 670 2841 715 ,
2878 609 3168 696 habitu
3195 616 3279 696 ὃ(
3321 642 3463 698 ore
3510 640 3748 687 ΞΕ

690 750 790 838 ad
844 739 1457 862 exprimendam
1522 740 1959 849 imaginem
2009 736 2321 820 honesti
2369 738 2770 820 exercitus
2802 796 2830 841 ,
2885 741 3244 843 ceterum
3293 744 3462 825 ani·
3510 719 3743 876 ξω·

692 907 830 967 mo
870 867 1395 991 perfidiosus,
1446 862 1831 950 subdolus
1859 922 1889 970 ,
1942 865 2358 949 avaritiam
2422 870 2507 947 ὃ(
2549 860 2970 945 libidinem
3013 864 3461 952 occultans.
3547 833 3708 979 ἐξ

701 1007 908 1116 Quae
957 999 1369 1116 postquam
1399 990 1745 1109 pecunia
1781 988 2093 1076 reclusa
2135 992 2317 1074 sunt
2339 1048 2370 1094 ‚
2409 988 2635 1074 dedit
2681 988 3143 1105 exemplum
3185 1022 3468 1108 praeca-
3576 1015 3686 1078 66.

575 1155 639 1243 ”5
698 1129 945 1218 vendi
992 1137 1015 1174 ¹
1044 1184 1076 1232 ‚
1124 1114 2000 1237 quomodo'fraudibus
2037 1115 2508 1220 involutos,
2559 1144 2697 1202 aut
2741 1118 3066 1231 flagitiis
3111 1150 3471 1208 comma-

703 1252 1016 1344 culatos
1044 1312 1077 1358 ,
1125 1251 1232 1337 fic
1286 1250 1554 1367 specie
1619 1244 2014 1333 bonarum
2068 1249 2356 1332 artium
2403 1240 2647 1330 fal-sos
2676 1304 2706 1351 ,
2755 1254 2839 1330 ὃ(
2886 1248 3252 1331 amicitiae
3310 1247 3467 1334 fal-

700 1382 1296 1591 lacggkXIII.
1360 1503 1619 1588 IDEM
1673 1526 1943 1586 tamen
1986 1499 2155 1584 dies
2199 1506 2279 1583 &
2320 1498 2744 1582 honestum
2782 1498 3240 1615 exemplum
3281 1501 3473 1588 tulit

709 1634 945 1718 Caffii
981 1630 1549 1747 Asclepiodoti
1577 1687 1608 1733 ‚
1661 1630 1801 1739 qui
1860 1626 2418 1739 magnitudine
2460 1655 2707 1739 opum
2766 1630 3207 1742 praecipuus
3260 1631 3470 1733 inter

516 1752 650 1847 ἰο
704 1759 1157 1872 Bithynos,
1218 1788 1380 1869 quo
1446 1753 1834 1866 obsequio
1889 1754 2317 1839 florentem
2377 1755 2777 1837 Soranum
2842 1751 3383 1840 celebraverat
3440 1813 3471 1861 ,

704 1883 1114 1972 labantem
1181 1914 1349 1969 non
1410 1882 1780 1968 deseruit.
1842 1880 2308 1992 Exutusque
2365 1877 2740 1966 omnibus
2789 1880 3136 1967 fortunis
3173 1943 3201 1988 ,
3258 1890 3342 1967 ὃ(
3386 1885 3486 1967 in«

711 2013 1076 2098 exsilium
1129 2013 1341 2096 aEius
1382 2018 1471 2107 ²3
1523 2011 1886 2120 aequitate
1935 2007 2175 2093 deum
2216 2018 2238 2067 3
2300 2038 2491 2120 erga
2526 2005 2745 2092 bona
2808 2004 3175 2118 malaque
3215 2009 3474 2094 docu-

709 2166 1011 2225 menta.
1053 2139 1420 2223 Thraseae
1449 2197 1478 2241 ‚
1530 2138 2052 2246 Soranoque,
2099 2143 2183 2219 ὃ(
2244 2133 2601 2218 Serviliae
2666 2134 2899 2218 datur
2943 2138 3227 2218 mortis
3269 2134 3477 2219 arbi-

708 2270 981 2350 trium.
1031 2260 1467 2351 Helvidius
1523 2271 1607 2348 ὅ(
1658 2264 2062 2348 Paconius
2127 2257 2363 2345 Italia
2426 2257 2966 2375 depelluntur.
3024 2262 3475 2346 Montanus

547 2416 644 2500 15
708 2394 914 2508 patri
960 2391 1375 2478 concessus
1424 2393 1584 2493 est,
1632 2391 2002 2505 praediclo
2039 2418 2143 2472 ne
2178 2391 2266 2471 in
2306 2382 2723 2503 republica
2763 2386 3191 2472 haberetur
3219 2398 3282 2470 ⁴.
3319 2390 3479 2475 Ac-

714 2518 1209 2604 cusatoribus
1250 2518 1501 2634 Eprio
1547 2525 1631 2602 ὃ(
1669 2517 2145 2602 Coss‘utiano
2208 2516 2734 2627 quinquagies
2777 2514 3214 2598 sestertium
3253 2523 3279 2579 5
3330 2515 3481 2598 fin-

707 2643 918 2757 gulis
949 2704 978 2748 ‚
1030 2647 1359 2729 Ostorio
1401 2644 1838 2731 duodecies
1882 2640 1920 2689 ⁶
1942 2701 1973 2747 ‚
2020 2650 2100 2727 ὃ(
2143 2643 2552 2755 quaestoria
2609 2640 2942 2752 insignia
2988 2638 3478 2727 tribuuntur.

832 2771 1297 2881 XXXIV.
1359 2771 1592 2854 TUM
1636 2771 1735 2855 ad
1770 2770 2210 2854 Thraseam
2238 2830 2266 2873 ,
2313 2772 2400 2853 in
2435 2769 2692 2853 hortis
2738 2794 3111 2880 agentem
3151 2771 3480 2879 quaestor

712 2893 1071 2981 consulis
1113 2906 1143 2953 ⁷
1195 2895 1513 2999 missus,
1564 2895 2167 3010 vesperascente
2209 2894 2371 3003 jam
2419 2896 2576 2980 die.
2624 2891 3085 2977 Inlustrium
3119 2897 3484 2979 virorum

540 3050 651 3106 20
710 3021 1351 3133 feminarumque
1427 3049 1688 3107 coetus
1754 3023 2212 3134 frequentes
2302 3049 2576 3137 egerat
2616 3082 2644 3125 ,
2708 3020 3058 3107 maxime
3123 3023 3483 3107 intentus

707 3147 1144 3235 Demetrio
1184 3142 1217 3195 ⁸
1244 3206 1274 3254 ,
1335 3148 1664 3260 Cynicae
1701 3150 2219 3235 institutionis
2263 3150 2618 3236 doctori:
2663 3179 2853 3235 cum
2893 3177 3061 3261 quo
3086 3208 3114 3253 ,
3153 3175 3242 3232 ut
3283 3179 3481 3233 con-

789 3345 810 3377 ¹
882 3335 1249 3400 Exzurum
1309 3358 1739 3405 Pnaecavnum
1783 3340 1813 3416 ]
1896 3335 2060 3403 Post·
2214 3346 2247 3388 4
2286 3338 2390 3401 Nn
2432 3361 2495 3400 m
2532 3340 2938 3416 aaronica]
2970 3336 3044 3399 Id
3074 3335 3192 3411 est,
3226 3354 3307 3399 ne
3351 3355 3488 3400 ma·

706 3434 896 3496 quam
936 3414 1248 3496 perfidiofi
1288 3415 1534 3481 clientis
1580 3416 1741 3480 vitia
1782 3417 2057 3498 ,pecunia
2136 3417 2410 3501 gistratus
2438 3417 2686 3500 aliaque
2712 3436 2970 3481 munera
2992 3415 3241 3499 publica
3263 3415 3491 3496 adipis-

705 3491 939 3556 reclusa
995 3491 1169 3570 sunt,
1222 3494 1396 3558 dedit
1439 3496 1796 3577 exemplum
1847 3495 2059 3561 homi·
2137 3513 2402 3564 teretur.
2849 3563 2856 3572 ,

704 3591 819 3632 nes
838 3570 1058 3659 ‘specie
1091 3573 1401 3635 bonarum
1443 3575 1671 3638 artium
1718 3573 1903 3639 falsos
1927 3624 1946 3653 ,
1987 3578 2059 3640 &
2217 3588 2236 3635 5
2287 3581 2739 3655 QuiuQuAcms
2766 3571 3206 3652 susan-rrum]
3231 3571 3488 3637 Gallicae

705 3649 929 3713 habitu
996 3649 1285 3713 amicitia:
1341 3651 1589 3716 fallaces
1665 3654 2058 3733 praecavendi
2134 3673 2409 3718 moneta:
2438 3654 2612 3717 librae
2650 3677 2691 3729 9
2740 3658 2949 3732 2,846.

706 3730 923 3819 ecque,
955 3746 1026 3790 ac
1051 3725 1372 3791 fraudibus
1406 3728 1772 3816 involutos,
1809 3750 1917 3797 aut
1940 3734 2057 3797 fla·
2216 3737 2243 3774 ⁶
2284 3734 2657 3799 Duonecuzs
2767 3733 3025 3798 Gallicae
3094 3745 3366 3795 monetae
3408 3729 3491 3794 li-

708 3823 880 3886 gatus
917 3806 1434 3871 commaculatos.
2137 3813 2262 3874 brae
2291 3829 2591 3887 233,437.

789 3891 808 3918 ²
854 3886 926 3947 Iu
962 3907 1275 3950 axsruuu
1316 3883 1806 3964 Ac‘rusJPostea
1835 3907 1873 3950 a
1902 3885 2061 3951 Gal·-
2218 3900 2245 3943 7
2289 3892 2613 3964 Quffls'ron
2648 3909 2942 3955 consutis
2986 3889 3017 3968 ]
3061 3890 3158 3953 De
3218 3889 3489 3972 quaesto-
3609 3926 3622 3932 -

705 3961 790 4028 ba
827 3962 1152 4029 restitutus.
1199 3963 1328 4029 Dio
1366 3965 1479 4030 lib.
1512 3966 1713 4028 an.
1740 3984 1879 4047 pag.
1915 3985 2060 4044 7¹4·
2142 3963 2311 4030 ribus
2338 3964 2696 4046 Principum
2727 3966 3000 4033 diximus
3023 3969 3198 4050 supra
3229 3990 3300 4032 ca
3347 4016 3362 4032 .
3386 3989 3489 4050 ²7·

787 4052 808 4095 ³
856 4045 1209 4116 AEer-Ara
1235 4044 1415 4109 naum
1445 4050 1474 4123 ]
1497 4043 1606 4108 Dii
1628 4049 1803 4127 aeque
1828 4061 2066 4109 utrum·
2143 4043 2522 4110 Consulibus
2547 4065 2806 4128 quoque
2829 4047 2922 4111 sui
2942 4062 3119 4124 erant
3143 4068 3278 4130 quae
3330 4069 3490 4112 ores.

573 4204 577 4208 “
712 4138 838 4199 que
866 4123 1248 4212 ’exemplum
1301 4126 1737 4205 praebuerunt,
1789 4142 1859 4189 ut
1899 4127 2063 4188 recle
2141 4125 2414 4206 Appium
2450 4125 2788 4190 Claudium
2840 4128 2912 4193 &
2957 4126 3183 4190 Caium
3233 4128 3495 4192 Norba-

630 4217 643 4223 *
710 4196 1301 4288 explicat-eruditus
1349 4204 1675 4280 Petavius,
1703 4202 1955 4286 pietatis
1991 4204 2063 4270 ec
2141 4226 2338 4282 num,
2386 4205 2676 4271 consules
2705 4219 2898 4270 ‘anno
2934 4208 3006 4269 U.
3071 4209 3147 4268 C.
3216 4226 3494 4270 nccxvr.

709 4274 1071 4367 constantiae
1094 4324 1116 4355 ‚
1140 4278 1226 4367 ‘in
1256 4278 1749 4362 Asclepiodoto;
1784 4282 2062 4364 perfidiae
2140 4285 2377 4367 primos
2415 4283 2626 4361 fuiffe,
2657 4284 2765 4367 qui
2815 4284 3006 4349 binos
3042 4282 3265 4362 singuli
3306 4281 3496 4362 quaes-

710 4372 785 4417 ὃς
835 4353 1081 4444 (celem
1138 4375 1205 4416 ¹¹¹
1251 4359 1541 4436 Egnatio,
1584 4363 1816 4425 Eadem
1874 4364 2063 4427 deum
2139 4383 2308 4430 tores
2333 4363 2720 4439 habuerunt,
2767 4364 2961 4426 docet
2983 4360 3156 4435 Dio,
3199 4360 3487 4421 XLVIII.

711 4449 969 4524 :equitas
996 4480 1015 4512 ,
1058 4435 1200 4497 ciun
1256 4433 1434 4497 fimul
1486 4437 1661 4500 Nero
1700 4458 1773 4501 ac
1823 4439 2062 4504 senatus
2141 4465 2281 4547 pag.
2335 4449 2476 4521 383.
2545 4444 2667 4505 'Ea-*a
2709 4442 2765 4502 δ“’
2801 4437 3012 4520 Ἀπία
3065 4465 3120 4498 τι
3164 4436 3406 4498 Κλαυδία
3442 4446 3494 4520 ις

713 4512 970 4603 flagitiis
993 4559 1011 4588 ,
1065 4511 1334 4576 Thrasea
1369 4559 1389 4588 ,
1434 4515 1702 4576 Soranus
1739 4561 1759 4590 ,
1801 4518 2066 4582 Servilia
2142 4538 2277 4586 rain
2325 4524 2567 4602 Nuptan?
2610 4518 2811 4581 ὑπάτω
2834 4560 2854 4590 ,
2883 4518 2954 4581 οἷς
2991 4515 3207 4595 τρίπος
3239 4514 3333 4577 Ν·
3370 4519 3499 4578 3⁸⁸—

714 4590 953 4671 alnque
971 4589 1306 4654 virtutibus
1323 4590 1749 4654 clarescerent.
1767 4591 1932 4654 Mala
1949 4596 2067 4658 bo·
2141 4602 2299 4680 φέροις
2338 4605 2569 4676 ταμιεῖα.
2597 4597 2916 4670 meysam.

715 4668 814 4732 nis
854 4670 1053 4733 mixta
1094 4670 1217 4734 sem
1265 4691 1332 4734 er
1368 4668 1625 4734 exhibet
1660 4666 1938 4731 Tacitus.
1968 4674 2069 4733 In·
2227 4676 2253 4718 ⁸
2298 4676 2651 4739 Dmumuo
2696 4679 2733 4762 J
2779 4668 3105 4732 Demetrius
3135 4715 3154 4744 ,
3197 4668 3288 4731 vir
3348 4691 3514 4734 omne·

717 4748 796 4810 de
826 4752 968 4810 curn
996 4751 1190 4814 multa
1236 4749 1437 4814 celera
1466 4760 1879 4819 memoraret,
1907 4745 2070 4813 infra
2145 4752 2380 4836 Cynicoe
2418 4750 2762 4829 philonpluae
2801 4748 2963 4809 robur
3003 4745 3308 4820 complexus
3333 4797 3352 4822 ‚
3400 4764 3508 4821 Δη·

714 4823 870 4886 Hist.
908 4829 971 4899 1,
1010 4848 1071 4888 2.
1114 4829 1291 4892 addit
1326 4850 1342 4891 Ξ
1384 4829 1518 4890 Non
1558 4845 1739 4888 tamen
1770 4820 1905 4883 aded
1952 4826 2071 4887 vir·
2141 4833 2405 4909 μιίτμος,
2443 4828 2562 4909 :ube
2607 4829 2766 4895 ξυνειλ
2843 4825 2907 4893 ὃς
2955 4828 3092 4890 ὅταν
3130 4827 3189 4886 τὶ
3239 4833 3283 4890 iv
3323 4838 3512 4899 Kouni?

714 4902 1350 4983 tutumsterilesoeculum
1369 4925 1470 4990 ‚ut
1490 4919 1601 4970 non
1629 4904 1690 4969 ὓ·
1722 4902 1868 4966 bona
1889 4922 2073 4971 exem·
2149 4907 2346 4987 κράτος
2369 4947 2389 4977 ,
2422 4906 2571 4967 teste
2605 4839 2973 4972 Philo'ffrato
2994 4956 3014 4986 ,
3041 4903 3172 4968 Vit.
3205 4896 3516 4985 Apollon'.

712 4979 811 5061 pla
834 4980 1158 5059 prodiderit.
2148 4991 2239 5055 lv
2267 5030 2293 5065 ‚
2335 5004 2373 5047 2
2381 5001 2441 5066 5.
2495 4982 2742 5067 egregie
2794 4983 2990 5055 dietus
3039 5002 3076 5050 a
3111 4984 3351 5052 Seneca
3400 4987 3522 5066 Ep.
