4975 6149
1481 415 1828 528 294·
2013 410 3728 504 SUPPLEMENTUM

1197 620 1433 667 Ξ
1476 586 1563 672 10
1605 578 1986 699 superbus
2018 579 2422 665 Tiridates
2448 639 2475 684 ,
2523 578 3064 690 magisterium
3116 576 3426 661 orditur
3464 586 3529 658 ¹.
3561 576 3782 659 Tum
3831 572 4048 661 visus
4091 575 4264 659 Im*

1198 709 1427 761 Α’Μ·
1481 715 1682 830 perii
1725 710 2086 795 Romani
2121 707 2412 793 arbiter
2454 704 2923 792 Chaldaicis
2964 703 3453 790 vanitatibus
3491 700 3863 787 famulari
3889 761 3920 807 ,
3959 705 4267 788 initiari

1231 801 1391 963 ,εἶ’
1482 827 1704 927 cenis
1745 838 2078 950 magicis
2104 895 2132 941 ‚
2173 836 2558 921 veneficis
2599 834 2897 919 artibus
2927 894 2955 937 ,
3007 862 3177 944 quae
3226 836 3312 916 in
3349 833 3687 943 magicis
3729 828 4263 944 praepollent,

1261 946 1368 1063 256.
1477 966 1780 1051 imbui:
1827 959 2120 1077 magna
2183 963 2512 1075 quidem
2579 960 2815 1045 Urbis
2877 956 3263 1055 infami&
3310 953 3616 1065 majore
3664 982 3938 1041 tamen
4005 957 4266 1043 docu-

1474 1121 1759 1180 mento
1798 1095 2121 1176 inanem
2166 1098 2250 1174 &
2290 1083 2826 1174 intestabilem
2867 1085 3022 1170 esse
3061 1114 3317 1170 artem
3349 1145 3377 1190 ,
3431 1113 3671 1195 quam
3721 1114 3983 1196 neque
4024 1085 4265 1172 doce-

1475 1254 1563 1308 re
1605 1220 1862 1337 posset
1899 1279 1924 1323 ‚
1984 1221 2120 1330 qui
2196 1245 2544 1328 regnum
2584 1216 3081 1330 acciperet,
3142 1242 3404 1325 neque
3454 1210 3767 1297 valeret
3823 1210 4181 1298 ediscere
4229 1270 4263 1320 ‚

1477 1353 1617 1462 qui
1661 1347 1839 1434 orbi
1889 1350 2348 1460 imperaret.
3676 1342 3681 1345 ’

1601 1477 1900 1561 XLV.
1963 1475 2109 1554 AT
2180 1469 2380 1555 licet
2429 1462 2660 1552 elusae
2728 1469 2961 1584 spes,
3005 1467 3226 1553 haud
3276 1469 3704 1552 imminuta
3752 1462 4189 1551 liberalitas
4232 1485 4263 1570 3

1471 1599 1822 1715 largiore
1859 1601 2171 1714 semper
2205 1598 2671 1710 Principum
2739 1591 3295 1681 munificentia
3321 1657 3349 1700 ,
3402 1600 3590 1680 cum
3637 1590 4031 1677 falluntur
4084 1623 4263 1676 ma-

1474 1732 1626 1840 gis.
1688 1729 2005 1840 Igitur,
2085 1726 2446 1835 quamvis
2530 1725 2993 1836 offingenta
3053 1724 3479 1824 nummum
3554 1717 3812 1804 millia
3878 1727 3909 1764 ²
3979 1719 4262 1803 diurna

1471 1855 1818 1939 Tiridati
1875 1850 2195 1937 fuiss'ent
2273 1876 2604 1963 erogata
2633 1909 2662 1954 ,
2740 1847 3072 1936 abeunti
3149 1850 3386 1968 super
3452 1849 3891 1933 sestertium
3969 1844 4263 1933 millies

1475 1979 1871 2066 collatum
1919 1982 2053 2064 est.
2115 1978 2585 2063 Permiffum
2635 1977 2902 2064 adhuc
2944 2006 3035 2063 ut
3092 1978 3532 2081 Artaxata,
3577 1975 3762 2061 ante
3792 2034 3821 2078 ‚
3895 1997 3987 2056 ut
4036 1971 4265 2087 supra

1474 2135 2015 2192 memoratum
2058 2117 2080 2167 ⁵
2115 2165 2143 2208 ,
2187 2098 2458 2188 deleta
2499 2106 2987 2188 instauraret.
3036 2106 3238 2187 Dati
3282 2133 3603 2214 quoque
3647 2102 3993 2185 artifices
4019 2160 4047 2203 ,
4100 2101 4268 2208 qui·-

1472 2232 1621 2317 bus
1674 2229 2067 2347 plurimos
2103 2289 2132 2333 ,
2185 2222 2560 2312 mercede
2635 2230 3147 2332 condussoS,
3209 2227 3601 2335 adjunxit.
3680 2229 3823 2309 Sic
3894 2227 4270 2336 graviore

1473 2358 1895 2474 impendio
1966 2359 2197 2443 datus
2264 2356 2666 2438 Armenia:
2725 2384 2869 2441 rex
2919 2414 2949 2461 ‚
3016 2352 3258 2467 quam
3340 2351 3553 2437 olim'
3608 2350 3979 2437 confeEta
4046 2347 4267 2434 bella

1473 2514 1853 2569 maxima.

1559 2678 1578 2707 ¹
1625 2668 2094 2730 Mac->isunnam
2148 2687 2446 2730 onon-un
2481 2666 2515 2741 ]
2562 2665 2661 2729 De
2703 2664 2829 2730 hoc
2862 2663 3255 2751 {profusionem
3280 2690 3301 2722 .-
3324 2661 3583 2744 Jbrdidos
3609 2681 3677 2721 ac
3704 2659 4122 2742 deparcoseffe,
4146 2658 4268 2740 qui-

1471 2744 1825 2826 magisterio
1863 2742 2170 2824 insignem
2214 2744 2430 2807 locum
2482 2744 2675 2808 habet
2715 2745 2834 2807 Pli-
2904 2744 3006 2804 bus
3042 2746 3184 2805 ratio
3220 2743 3585 2821 impensarum
3623 2738 3924 2878 constaret.-
3964 2737 4265 2815 proelautos

1475 2824 1664 2900 niue,
1707 2826 1887 2885 XXX
1911 2867 1930 2896 ,
1990 2845 2048 2884 2.
2091 2827 2173 2886 At
2226 2827 2370 2885 cum
2412 2822 2670 2904 longior
2722 2821 2830 2896 fit,
2902 2824 3130 2903 verique
3149 2820 3342 2903 magni
3387 2840 3515 2896 cos,
3549 2818 3704 2900 quia
3740 2836 4025 2879 uterentur
4050 2837 4118 2876 ac
4145 2837 4264 2893 per-

1405 2930 1406 2933 *
1475 2905 1668 2983 quam
1727 2917 1800 2964 ut
1838 2900 2217 2964 exscribatur
2243 2948 2263 2976 ,
2329 2901 2635 2980 praecipua
2690 2900 2834 2963 seli·
2906 2900 3171 2964 det-ent..
3198 2948 3215 2965 .
3248 2945 3263 2961 .
3350 2919 3484 2961 uare
3526 2918 3629 2958 nec
3665 2895 3976 2979 largiendi,
4020 2916 4122 2957 nec
4161 2893 4262 2955 ab·-

1518 3001 1639 3043 am.
1672 2979 1878 3061 Magia
1904 2976 1965 3039 ὓ·
1984 2982 2162 3059 aqud,
2198 2975 2259 3038 ὓ·
2268 2978 2543 3058 sphaeris,
2571 2976 2633 3040 ὓ·
2660 2998 2789 3040 aere
2809 3027 2831 3057 ,
2888 2978 3191 3060 sumendi,
3240 2978 3453 3040 modum
3525 2976 3723 3038 tenuit.
3779 2975 3854 3037 In
3916 2973 4222 3037 Tiridatem
4242 3022 4264 3052 ,

1474 3002 1544 3121 ἓν*
1659 3058 1752 3121 llis
1836 3057 1898 3119 tr
1938 3056 2180 3119 lucernis
2216 3078 2283 3117 ac
2311 3056 2602 3136 pelvibus,
2621 3059 2835 3139 securi·
2906 3057 3046 3141 quod
3094 3060 3195 3121 vix
3264 3053 3521 3119 credibile
3573 3054 3829 3118 videatur
3863 3104 3885 3134 ,
3952 3054 4264 3137 offingenta

1473 3138 1544 3198 bu
1568 3159 1665 3218 que
1685 3186 1706 3215 ,
1738 3107 1802 3199 (ζ’
1847 3136 2037 3197 multis
2085 3137 2218 3199 aliis
2250 3136 2425 3199 modis
2473 3139 2668 3200 divina
2698 3158 2839 3215 pro·-
2908 3139 3185 3200 nummum
3214 3137 3388 3198 millia
3425 3135 3626 3198 diurna
3672 3135 3927 3218 erogavit
3947 3183 3966 3212 ,
4010 3133 4265 3195 abeunti-

1475 3217 1691 3278 mittit:
1730 3229 1849 3297 qu'oe
1914 3217 2097 3278 omnia
2137 3235 2306 3278 oetate
2345 3216 2525 3299 nosti-ci
2562 3217 2835 3295 Princeps
2909 3240 3009 3300 que
3031 3220 3200 3299 super
3230 3216 3533 3298 ssstertiftm
3577 3214 3777 3277 millies
3830 3213 4080 3276 contulit.
4126 3218 4266 3278 Oc-

1475 3296 1631 3358 Nero
1675 3315 1826 3358 vana
1851 3293 2105 3376 falsaque
2144 3297 2446 3371 comperit:
2492 3297 2685 3378 quippe
2723 3319 2835 3358 non
2910 3297 3197 3380 tingenta
3226 3296 3558 3360 nummum
3602 3295 3805 3358 millia
3839 3294 3978 3357 sunt
4010 3292 4267 3357 Gallicae

1475 3375 1709 3437 citharoe
1748 3393 1839 3435 tra
1882 3375 2057 3455 icique
2091 3375 2291 3437 cantus
2334 3375 2501 3438 libido
2544 3375 2629 3437 illi
2660 3379 2836 3456 major
2909 3395 3187 3442 monetae
3226 3376 3400 3439 librae
3451 3396 3473 3436 1
3538 3382 3676 3455 5‚62
3685 3394 3742 3456 5.
3800 3377 3965 3438 Cum
3998 3392 4111 3453 per
4150 3392 4265 3436 no·

1459 3396 1880 3532 fuigffirtung
1894 3476 2074 3515 rerum
2105 3454 2465 3516 humanarum
2485 3457 2704 3536 sizmmd
2764 3457 2832 3535 el:
2910 3476 3059 3519 vem
3101 3456 3376 3529 menseS,
3401 3471 3465 3517 te
3516 3475 3549 3516 e
3573 3452 3990 3529 Dione,libr.
4036 3453 4267 3514 LXIII.

1475 3534 1650 3595 tiente
1694 3533 1752 3592 in
1797 3529 2086 3608 profundis
2126 3533 2303 3599 animi
2336 3534 2514 3595 vitiis.
2557 3477 2835 3594 Primi'm-
2952 3555 3050 3617 ag.
3080 3542 3222 3617 716.
3248 3535 3315 3597 id
3339 3532 3530 3597 fuerit
3556 3548 3912 3615 erogatum,
3942 3531 4083 3594 sunt
4107 3530 4266 3593 Gal-

1473 3633 1579 3693 que
1637 3612 1909 3686 imperare
1955 3610 2067 3673 diis
2123 3612 2483 3688 concupivit,
2537 3633 2643 3675 nec
2681 3613 2837 3695 quid-
2962 3637 3050 3678 cae
3090 3630 3366 3678 monetae
3417 3613 3591 3676 librae
3637 3619 3930 3691 42‚641,2
3941 3632 4041 3693 50.
4088 3610 4266 3673 Adde
4320 3643 4325 3648 ·

1474 3710 1638 3771 quam
1661 3709 1864 3773 genero
1885 3709 1974 3750 rus
2009 3690 2208 3756 valuit.
2240 3694 2419 3755 Nemo
2456 3713 2696 3774 unquam
2736 3693 2836 3754 ulli
2911 3691 3142 3757 millies
3198 3691 3539 3757 sestertium
3597 3690 3858 3755 abeunti
3916 3689 4266 3765 collatum,

1475 3770 1683 3830 artium
1710 3767 1827 3830 vali
1865 3767 1953 3828 ius
1972 3768 2148 3844 favit.
2173 3771 2269 3832 Ad
2307 3770 2458 3848 koec,
2491 3792 2600 3833 non
2634 3793 2760 3850 opes
2784 3774 2835 3834 ei
2912 3773 3090 3855 quod
3146 3774 3339 3837 efficit
3413 3757 3671 3836 Gathae
3738 3786 4014 3833 monetae
4081 3768 4268 3831 libras

1475 3848 1693 3924 defuere
1713 3895 1732 3924 ,
1761 3868 1871 3907 non
1890 3848 2202 3924 vire5,non
2222 3851 2480 3932 distentis
2510 3852 2831 3935 ingenium,
2921 3872 3252 3934 19,455,02
3266 3873 3317 3934 5.
3369 3849 3628 3930 Accepit
3683 3869 3833 3930 ergo
3879 3847 4194 3912 Tiridates
4232 3867 4269 3910 a

1475 3927 1697 4007 aliaque
1724 3947 1834 3987 non
1870 3927 2119 4003 patiente
2166 3930 2385 3992 mundo.
2421 3929 2744 4012 Immensum
2772 3929 2833 3992 e·
2912 3933 3176 3996 Nerone
3209 3931 3374 3995 Gall.
3412 3948 3591 3991 mon.
3638 3926 3828 3990 libras
3869 3935 4266 4007 62‚o96,275.

1478 4006 1852 4068 indubitatum
1934 4007 2232 4082 exemplum
2303 4008 2377 4088 est
2426 4007 2590 4089 falsae
2647 4011 2833 4088 artis,
2910 4014 3115 4074 Immo
3138 4010 3290 4083 Dio,
3318 4009 3465 4069 libr.
3491 4008 3723 4068 LXIII.
3762 4028 3898 4089 pag.
3942 4012 4105 4087 718,
4137 4005 4267 4081 ait,

1550 4105 1641 4145 am
1681 4082 1967 4164 dereliquit
1998 4086 2153 4148 Nero
2176 4133 2193 4150 .
2224 4127 2244 4147 .
2273 4134 2291 4150 .
2336 4085 2555 4169 Magus·
2598 4088 2673 4147 ad
2714 4110 2837 4150 eum
2910 4088 3286 4169 affirmationis
3308 4085 3540 4161 praemia
3562 4131 3581 4160 ,
3612 4082 3750 4143 data
3793 4106 4021 4146 munera
4050 4084 4265 4161 pretio,

1477 4106 1768 4225 {liridaces
1795 4184 2047 4226 venerat.
2080 4212 2098 4229 .
2118 4207 2138 4227 .
2161 4211 2179 4228 .
2211 4164 2621 4245 Magosftcum
2649 4166 2831 4226 addu-
2910 4183 2971 4226 ut
2992 4164 3179 4241 sertin
3200 4213 3218 4238 ,
3274 4164 3351 4224 ael
3405 4162 3492 4224 bis
3542 4162 3743 4224 millies
3783 4165 4119 4246 ftstertissm,
4170 4163 4267 4226 aa.

1481 4261 1666 4305 xerat.
1690 4241 1945 4325 Magicis
1966 4244 2134 4305 etiam
2156 4245 2328 4305 coenis
2343 4265 2461 4304 eum
2483 4244 2833 4306 initiaverat.
2908 4252 3033 4308 τέτο
3074 4244 3214 4322 δόρᾶ
3240 4273 3295 4307 τε
3348 4242 3670 4306 wan-odaria
3715 4243 4119 4328 πεντακισχιλίων
4162 4272 4270 4321 μυ-

1480 4322 1617 4384 Non
1670 4339 1854 4383 tamen
1876 4371 1896 4398 ,
1941 4325 2063 4384 cum
2092 4344 2320 4406 regnum
2350 4323 2403 4383 ei
2442 4322 2638 4399 darec,
2687 4323 2833 4384 hanc
2940 4324 3094 4385 ‘kam
3132 4322 3254 4394 ἔξω
3277 4369 3297 4400 ,
3337 4323 3402 4390 ι’ὖς
3440 4342 3594 4402 ‹pac-u
3616 4370 3636 4398 ,
3666 4323 3836 4388 ἐ’λιιζε.
3870 4324 4143 4387 Proinde
4164 4369 4184 4397 ‚
4226 4318 4273 4383 fi

1482 4402 1553 4462 'ab
1592 4423 1653 4463 eo
1701 4402 1949 4477 accipere
1984 4421 2159 4466 artem
2212 4401 2411 4463 valuit.
2447 4400 2692 4465 Proinde
2753 4403 2836 4464 ita
2974 4402 3113 4467 ioni
3148 4404 3302 4466 fides
3328 4449 3348 4478 ‚
3395 4404 3574 4468 dedit
3611 4405 3788 4468 Nero
3824 4404 4082 4468 Gallicae
4119 4421 4268 4463 mo-

1475 4481 1785 4561 perfuaficm
1805 4480 1934 4562 fit,
1972 4480 2367 4564 intestabilem,
2397 4481 2616 4542 initam
2640 4530 2661 4558 ,
2695 4482 2836 4542 ina-
2912 4498 3073 4546 netae
3117 4482 3303 4547 libras
3341 4490 3741 4567 81‚551,300.
3773 4483 3997 4545 Mirare
4038 4477 4271 4543 Princi-

1485 4560 1757 4640 nemff,
1786 4559 2072 4622 habentem
2099 4580 2280 4626 tamen
2304 4559 2561 4642 quasdam
2579 4560 2839 4625 veritatis
2915 4562 3007 4643 pis
3052 4563 3600 4645 prodigalitatem,
3693 4562 3793 4633 ui,
3837 4566 3979 4624 cum
4029 4571 4269 4620 tantam

1486 4638 1742 4698 umbras:
1764 4637 1867 4730 fid
1896 4639 1954 4701 in
1986 4640 2074 4703 his
2104 4640 2385 4723 veneficas
2420 4658 2573 4703 artes
2595 4640 2836 4723 pollere,
2915 4642 3327 4722 pecuniarum
3354 4642 3488 4704 vim
3538 4641 3605 4701 in
3725 4639 3989 4700 iridaten
4026 4635 4269 4714 impen-

1484 4738 1596 4777 non
1631 4738 1901 4798 magzcas.
2025 4773 2030 4778 .
2467 4797 2474 4802 Λ
2917 4721 3114 4796 differ,
3142 4721 3499 4811 Vologesen
3512 4716 3917 4792 adbucenixe
3937 4717 4182 4788 orabat,
4197 4729 4268 4776 ut

1483 4805 1486 4810 '
1566 4803 1590 4830 ²
1636 4800 2046 4885 chmcenv.
2071 4819 2363 4861 nummum
2393 4802 2669 4877 unua]
2695 4804 2840 4865 Sue·
2917 4806 3187 4867 Romam
3210 4814 3490 4871 veniret,
3515 4795 3668 4867 Dio,
3701 4798 3929 4858 LXIII·
3952 4814 4091 4877 Pag-
4122 4815 4268 4871 7¹9·

1485 4886 1625 4936 ton.
1657 4893 1725 4934 in
1768 4877 1918 4936 Ner.
1955 4880 2152 4939 XXX.
2198 4880 2372 4943 Nero
2426 4879 2750 4942 divitiarum
2778 4880 2839 4942 G·
2996 4893 3017 4938 3
3062 4886 3271 4946 Suana
3309 4880 3781 4956 memoriarum]
3824 4875 4054 4939 Annal.
4077 4875 4271 4951 XIII,

1480 4952 1730 5032 pecuniae
1749 4950 1993 5031 frucflum
2026 4975 2138 5017 non
2169 4955 2338 5017 alium
2375 4958 2614 5036 putabat
2633 5007 2656 5043 ,
2680 4964 2840 5042 qua‘m
2914 4981 3023 5040 41.

4332 1751 4436 1811 10
