4975 6149
1513 436 1687 517 ,μ
2052 403 3751 512 C.C9RNEL11TAC1T1

1227 600 1464 647 Ξ
1509 574 1825 691 praetori
1852 572 2263 686 designato
2282 631 2310 676 ,
2336 571 2809 686 Tigellino,
2840 574 3208 690 praefeEto
3248 579 3597 689 praetorii
3620 594 3649 681 ,’
3675 571 3998 672 tribuit3
4026 574 4304 690 Tigel-

1225 683 1373 734 ΛΠ·
1398 686 1463 736 ⁰·
1510 701 1769 785 linum
1797 704 2272 785 &Nervam
2313 703 2422 785 ita
2471 699 2909 806 extollens,
2943 729 3087 807 ut,
3135 701 3369 815 super
3411 701 3942 817 triumphales
3991 705 4076 786 in
4118 706 4307 789 foro
4416 798 4421 803 .

1267 775 1417 837 818.

1257 886 1312 936 J,
1361 890 1422 940 Ο,
1508 831 1901 942 imagines
1939 838 2011 931 ¹,
2050 826 2261 942 apud
2286 825 2672 941 palatium
2712 857 3033 940 quoque
3065 828 3374 940 effigies
3415 859 3700 913 eorum
3740 830 4074 921 sisteret:
4103 860 4304 916 con..

1288 978 1397 1053 65.
1507 955 2147 1068 sulariainsignia
2172 956 2688 1070 Nymphidio
2706 964 2770 1058 ²,
2796 955 2897 1039 de
2911 985 3075 1066 quo
3089 1014 3117 1059 ,
3148 957 3334 1066 quia
3356 986 3575 1041 nunc
3603 960 3949 1071 primum
3982 956 4300 1045 oblatus

1507 1086 1622 1168 est
1636 1143 1664 1188 ,
1691 1113 1946 1199 pauca
1968 1110 2370 1197 repetam:
2401 1112 2588 1166 nam
2613 1092 2698 1166 &
2733 1082 2900 1197 ipse
2935 1112 3112 1197 pars
3138 1084 3699 1175 Romanarum
3736 1082 4089 1170 cladium
4117 1090 4304 1172 erit..
4408 1108 4460 1190 ς

1505 1211 1772 1324 Igitur
1806 1238 2060 1296 matre
2090 1206 2465 1294 libertina
2501 1235 2724 1293 ortus
2738 1269 2767 1312 ,
2797 1239 2967 1321 quae
3012 1239 3306 1322 corpus
3340 1210 3739 1305 ‚decorum
3775 1214 3984 1298 inter
4023 1214 4307 1300 servos

1504 1335 2001 1450 libertosque
2036 1339 2505 1450 Principum
2556 1333 3071 1450 vulgaverat,
3116 1365 3220 1418 ex
3262 1335 3361 1418 C.
3394 1336 3701 1422 Caesare
3736 1348 3757 1397 ³
3811 1338 3892 1423 se
3924 1344 4305 1451 genitum.

1505 1464 1871 1568 ferebat,
1911 1468 2295 1576 quoniam
2325 1522 2353 1566 ,
2411 1464 2623 1547 forte
2679 1461 3020 1575 quadam
3074 1462 3357 1546 habitu
3412 1495 3792 1579 procerus
3820 1524 3846 1568 ,
3913 1473 3997 1549 &
4049 1492 4297 1553 torvo·

1504 1589 1742 1676 vultu
1771 1617 1939 1676 erat
1964 1603 2030 1675 4:
2078 1593 2238 1675 five
2287 1590 2386 1674 C.
2438 1591 2696 1675 Caesar
2733 1592 3188 1677 scortorum
3236 1621 3560 1703 quoque
3610 1592 4001 1707 cupiens,
4046 1596 4299 1680 etiam:-

1498 1722 1737 1805 matri
1775 1715 1946 1825 ejus
1991 1717 2290 1804 inlusit.
4358 1758 4456 1812 ro

1630 1844 1957 1931 LXXI
1971 1845 2094 1930 II.
2160 1851 2351 1932 SED
2394 1852 2628 1937 Nero
2653 1868 2687 1955 ,'
2725 1876 3027 1937 vocato
3069 1850 3411 1957 senatuj
3457 1849 3829 1937 oratione
3891 1849 4101 1934 inter
4146 1880 4291 1966 pa·

1502 1999 1666 2059 tres
1720 1969 1991 2058 habita
2021 2033 2049 2078 ,
2094 1975 2446 2059 edietum
2491 1978 2704 2094 apud
2761 1978 3207 2095 populum,
3264 1989 3347 2064 ὃ(
3396 1976 3698 2065 collata
3742 1981 3828 2060 in
3880 1974 4125 2063 libros
4171 1980 4293 2061 in-

1503 2099 1769 2204 dicia,
1813 2100 2501 2215 confessionesque
2546 2105 3109 2189 damnatorum
3181 2105 3574 2211 adjunxit.
3615 2104 3943 2188 Etenim
4004 2103 4297 2190 crebro

1499 2224 1732 2339 vulgi
1772 2244 2096 2312 'rumore
2135 2227 2689 2335 lacerabatur,
2746 2265 2791 2307 <c
2828 2258 3241 2342 tamquam
3284 2234 3500 2315 viros
3538 2231 3951 2332 insontes,
3998 2228 4109 2314 .ob
4161 2234 4291 2312 in-

1494 2351 1864 2437 »vidiam
1890 2415 1919 2459 ,
1954 2380 2091 2437 aut
2130 2382 2438 2439 metum
2462 2415 2492 2459 ‚
2534 2356 3022 2441 exstinxiss‘et
3050 2392 3139 2442 ».
3178 2356 3577 2441 Ceterum·
3602 2382 3959 2472 coeptam
3985 2413 4014 2459 ,
4056 2352 4287 2440 adul-
4357 2390 4388 2444 1
4408 2385 4453 2467 ς

1492 2504 1823 2589 tamque
1847 2540 1875 2583 ,
1926 2488 2009 2565 &
2063 2484 2439 2566 reviaam
2468 2541 2498 2586 ,
2537 2478 3192 2589 conjurationem
3222 2514 3483 2595 neque
3513 2480 3723 2569 tunc
3760 2481 4232 2569 dubitavere
4255 2543 4286 2588 ,

1495 2603 1784 2718 quibus
1832 2636 2116 2691 verum
2167 2609 2560 2693 noscendi
2614 2641 2805 2695 cura
2862 2640 3030 2697 erat
3059 2673 3087 2716 ,
3138 2620 3222 2696 ὃ(
3259 2614 3666 2714 fatentur,
3708 2612 3844 2721 qui
3876 2612 4047 2724 post
4077 2613 4288 2696 inte-

1493 2737 1743 2818 ritum
1782 2736 1869 2817 N
1876 2737 2139 2820 eron-is
2182 2737 2269 2817 in
2306 2734 2610 2820 Urbem
2667 2739 2984 2851 regressi
3031 2739 3239 2823 sunt.
3294 2740 3409 2823 At
3451 2741 3538 2820 in
3590 2737 3868 2821 senatu
3927 2741 4231 2823 cunffis
4255 2797 4293 2842 ,

1491 2888 1586 2946 ut
1627 2864 1921 2972 cuique
1961 2858 2401 2974 plurimum
2442 2867 2792 2950 maeroris
2834 2875 2861 2931 ⁵
2880 2926 2908 2971 ‚
2946 2868 3033 2948 in
3085 2862 3637 2950 adulationem
3689 2864 4027 2949 demiffis
4056 2925 4084 2968 ,
4134 2866 4283 2955 Ju-

1491 2990 1723 3071 nium
1792 2986 2266 3073 Gallionem
2309 2988 2401 3097 ⁶,
2459 2994 2787 3078 Senecae
2851 2992 3114 3079 fratris
3179 3020 3442 3080 morte
3492 2990 3937 3109 pavidum,
3999 2999 4081 3077 &
4132 3022 4282 3109 pro
4339 3017 4461 3072 20

1488 3112 1634 3198 sua
1707 3112 2272 3202 incolumitate
2339 3117 2789 3235 supplicem
2814 3180 2843 3226 ,
2919 3125 3328 3238 increpuit
3400 3119 3767 3206 Salienus
3844 3118 4227 3205 Clemens
4252 3179 4286 3223 ‚

1485 3266 1554 3330 3«
1593 3244 1910 3327 hostem
1972 3252 2055 3329 ὅ(
2122 3247 2604 3361 parricidam
2652 3284 2696 3326 >2
2764 3280 3120 3335 vocans:
3173 3250 3448 3335 donec
3510 3247 3905 3333 consensu
3961 3274 4283 3361 patrum

1487 3361 1917 3455 'deterritus
1949 3373 2057 3455 est
2080 3433 2108 3476 ,
2154 3407 2198 3448 <t
2231 3403 2332 3492 ne
2384 3370 2734 3488 publicis
2764 3374 2996 3461 malis
3037 3375 3260 3460 abuti
3298 3375 3400 3460 ad
3428 3375 3935 3460 occasionem
3985 3375 4289 3487 privati

1486 3527 1535 3575 n
1556 3497 1725 3581 odii
1760 3497 2220 3605 videretur,
2254 3528 2413 3584 neu
2438 3503 2884 3618 composita
2917 3514 2949 3562 ⁷·
2975 3563 3007 3612 ,
3037 3511 3121 3587 &
3154 3500 3626 3607 obliterata,
3665 3499 4289 3584 mansuetudine

1446 3727 1453 3735 .
1569 3692 1590 3723 ²
1637 3684 2108 3748 Tmuurnuns
2151 3706 2214 3746 m
2266 3706 2435 3749 rouo
2483 3694 2844 3771 nummus]
2926 3705 3142 3754 rantur
3181 3688 3397 3754 fratres
3432 3692 3723 3768 Senecae,
3763 3691 4030 3753 Annaeus
4073 3687 4286 3765 Mela,

1483 3761 1821 3827 Lauteatas
1846 3762 2180 3844 imagines,
2206 3783 2342 3843 quae
2367 3765 2435 3827 in
2455 3765 2603 3833 foro
2632 3768 2847 3834 trium-
2927 3786 3100 3851 pater
3159 3768 3407 3834 Lucani
3461 3788 3664 3851 poetae
3691 3816 3710 3843 ,
3754 3770 3825 3832 &
3868 3770 3956 3830 M.
4012 3771 4280 3832 Annaeus

1483 3840 1770 3922 phalibus
1802 3840 1952 3904 viris
2002 3843 2421 3921 ponebantur.
2927 3853 3259 3922 Novatu3‚
3291 3850 3398 3941 qui
3423 3895 3445 3924 ,
3472 3868 3507 3911 a
3529 3846 3827 3911 Gallione
3857 3846 4062 3925 postea
4085 3848 4291 3927 adop-

1564 3930 1592 3960 ²
1637 3922 2027 3985 Nrm’fflmo
2059 3922 2092 3997 ]
2139 3922 2236 3985 De
2272 3944 2402 4006 quo
2455 3928 2638 4009 plura
2675 3929 2842 3995 infra
2923 3946 3086 3994 tatus
3110 3975 3128 4003 ,
3167 3933 3399 3991 Lucius
3434 3925 3652 3988 Junius
3689 3923 3904 3986 Gallio
3937 3923 4134 3988 dietus
4175 3927 4280 3990 est.

1482 3996 1635 4062 Hist·
1665 4000 1730 4072 1,
1778 4018 1838 4079 5.
2923 4010 3037 4071 nie
3080 4008 3205 4086 ipse
3248 4007 3329 4067 est
3361 4002 3573 4068 Gauio
3598 4050 3618 4079 ,
3653 4001 3764 4081 qui
3789 4003 3868 4064 D.
3900 4004 4157 4067 Paulum
4176 4051 4205 4079 ‚.
4239 4027 4282 4071 a

1561 4086 1587 4130 ³
1632 4078 1729 4139 Ex
1762 4081 1838 4140 C.
1866 4080 2192 4156 Casan]
2225 4081 2388 4146 Caio
2427 4086 2737 4169 Caligula.
2920 4085 3141 4149 Judaeis
3202 4083 3282 4146 ad
3331 4082 3506 4145 suum
3550 4081 3829 4144 tribunal
3893 4084 4226 4149 adduitum
4252 4133 4282 4163 ,

1555 4163 1592 4204 4
1631 4156 1882 4222 Tonvo
1918 4178 2134 4223 νυιτυ
2164 4165 2379 4238 amr]
2413 4165 2511 4227 De
2535 4166 2836 4245 Caligulae
2920 4162 3320 4243 imperitante
3388 4160 3661 4225 Claudio
3705 4208 3726 4236 ,
3792 4161 4025 4227 dimifit
4048 4211 4068 4238 ,
4137 4167 4273 4228 Αὲὶ.

1481 4233 1858 4314 proceritate
1930 4238 1999 4300 ὃς
2041 4238 2352 4301 torvitate
2397 4241 2548 4307 vide
2602 4249 2833 4307 Sueto·
2920 4242 3130 4323 Apost.
3173 4241 3423 4315 XVIII,
3463 4260 3559 4302 12.
3588 4242 3746 4304 Inde
3771 4290 3787 4316 ,
3811 4258 3881 4305 ut
3910 4241 4066 4303 mihi
4103 4242 4279 4306 vide-

1479 4312 1702 4391 nium,
1745 4314 1812 4377 in
1863 4314 2059 4391 Caio,
2107 4318 2182 4378 L.
2229 4317 2535 4397 Plinium,
2568 4325 2690 4399 XI,
2734 4343 2832 4402 37.
2919 4341 3056 4397 tur,
3108 4319 3566 4384 commentitiae
3596 4320 3770 4384 Pauli
3812 4322 3890 4385 ad
3925 4326 4275 4395 Senecam,

1480 4391 1622 4456 sest.
1654 4414 1756 4476 54.
1796 4396 1933 4458 Nos
1959 4416 2220 4478 quoque
2260 4396 2531 4463 diximus
2575 4399 2644 4463 in
2679 4403 2835 4481 Sup—
2912 4397 3161 4465 Sene‘cae
3186 4401 3265 4463 ad
3284 4401 3544 4463 Paulum
3578 4399 3867 4492 epistolae.
3891 4400 4281 4489 Postea-Gal·

1478 4471 1805 4552 plemento
1852 4475 2082 4537 Annal.
2123 4477 2308 4551 VIII,
2341 4481 2440 4539 80.
2914 4481 3004 4544 lio
3032 4480 3283 4545 &Mela
3315 4479 3630 4545 interfecti
3655 4481 3825 4556 sunt,
3863 4480 4008 4543 teste
4030 4479 4265 4566 Dione,

1566 4561 1584 4605 5
1633 4554 1727 4615 U'r
1771 4575 2003 4627 curque
2067 4576 2416 4618 nummum
2472 4562 2830 4636 marronis]
2913 4563 3110 4623 LXII.
3147 4581 3282 4640 pag.
3319 4580 3466 4639 713·
3494 4562 3591 4623 De
3618 4559 3784 4622 Mela
3825 4559 4063 4620 dicetur
4100 4550 4266 4617 infra

1478 4630 1633 4703 Quo
1675 4631 1933 4712 quisque
1967 4633 2101 4712 plus
2138 4635 2412 4698 maeroris
2449 4634 2720 4702 habebat
2744 4643 2841 4703 ob·
2912 4640 3140 4703 Annal.
3176 4642 3355 4718 XVI,
3390 4662 3483 4719 17.
4248 4665 4279 4706 ’.

1476 4723 1804 4795 pareutum
1848 4758 1867 4785 ‚
1934 4711 2296 4778 affiniumve
2319 4762 2338 4790 ,
2408 4716 2644 4779 caedem
2674 4763 2693 4793 ,
2744 4723 2830 4783 ¹eo
2985 4732 3012 4772 7
3055 4722 3117 4782 N
3142 4743 3174 4781 r:
3194 4743 3234 4780 u
3285 4744 3317 4783 c
3344 4743 3383 4782 o
3412 4741 3459 4790 M
3483 4740 3512 4778 Ρ
3540 4740 3580 4778 ο
3608 4734 3635 4776 s
3663 4737 3681 4776 1
3713 4735 3751 4775 τ
3773 4715 3862 4789 Α]
3895 4712 4037 4775 Neu
4062 4710 4267 4788 mala‚‘

1476 4798 1608 4870 erat
1646 4803 1711 4845 m
1752 4788 2183 4855 adulationem
2216 4793 2562 4870 demiffior,
2588 4815 2657 4861 ut
2679 4798 2833 4863 adu-
2909 4797 3255 4880 composita
3292 4799 3363 4863 δε
3402 4793 3741 4859 obliterata
3778 4789 4263 4855 mansuetudine

1474 4859 1717 4927 latrone
1751 4884 2076 4930 maerorem
2118 4887 2374 4953 tegeret.
2906 4871 3249 4960 Principis,
3302 4875 3382 4942 ad
3431 4891 3669 4941 novam
3704 4867 4007 4938 saevitiam
4070 4887 4271 4946 retra-f

1553 4940 1584 4980 ⁶
1621 4941 1865 5007 Jumun
1903 4946 2358 5031 Garamum]
2394 4953 2542 5020 Duo
2577 4976 2829 5039 memo7
2903 4956 3103 5028 heret.
