4975 6149
842 346 1507 440 ANNALIUM
1564 349 1916 440 LIBER
1978 352 2497 450 DECIMUS
2562 367 3082 463 TERTms.
3226 409 3256 462 ι
3280 289 3441 486 27ι

604 516 874 603 nudati
919 511 1667 633 propugnatoribus
1696 516 1906 597 muri
1932 574 1959 618 ‚
1986 515 2264 604 obices
2290 547 2707 635 portarum
2736 531 3123 641 subversi,
3154 568 3390 656 capta
3438 569 3674 620 εει

602 645 927 731 escensu
972 655 996 691 ¹
1042 645 1552 725 munimenta
1579 699 1608 744 ,
1644 641 2083 753 omnesque
2127 643 2465 760 puberes
2501 659 2883 741 trucidati
2918 662 3113 768 fint,
3154 666 3388 753 nullo
3438 647 3674 706 A.u.c.

601 771 858 858 milite
901 770 1182 857 amiffo
1213 828 1243 873 ,
1283 770 1559 884 paucis
1607 768 2048 854 admodum
2076 770 2518 859 vulneratis
2549 811 2565 859 ε
2602 786 2684 861 &
2718 782 3050 871 imbelle
3088 793 3383 907 vulgus
3480 738 3626 905 ξιξ

604 897 738 983 sub
766 895 1081 985 corona
1102 925 1407 982 venum
1434 895 1711 979 datum
1744 905 1776 941 ²
1805 932 1824 979 :
1853 893 2161 1009 reliqua
2189 902 2445 1013 praeda
2469 905 2903 993 victoribus
2933 916 3175 999 ceffit.
3200 921 3381 1004 Pari
3493 884 3632 1028 ἐς..

496 1056 556 1140 5
602 1023 1258 1139 fortunalegatus
1297 1054 1395 1107 ac
1421 1022 1827 1137 praefeEtus
1852 1023 1965 1105 usl
1990 1024 2172 1107 sunt
2195 1084 2222 1128 ,
2249 1025 2658 1138 tribusque
2688 1033 2848 1115 una‘i
2873 1035 3003 1119 die
3035 1042 3378 1129 castellis

600 1156 1122 1269 expugnatis,
1175 1177 1447 1237 cetera
1499 1173 1804 1233 terrore
1830 1208 1861 1253 ,
1910 1157 1995 1234 ὃ(
2033 1148 2189 1235 alia
2229 1152 2518 1268 sponte
2551 1155 3060 1267 incolarum,
3107 1167 3194 1248 in
3246 1169 3379 1254 de..

603 1280 995 1366 ditionem
1035 1276 1520 1363 veniebant:
1551 1273 1766 1361 unde
1812 1301 1987 1359 orta
2009 1277 2309 1363 fiducia
2347 1305 2593 1395 caput
2619 1287 2884 1394 gentis
2919 1289 3310 1379 Artaxata
3341 1306 3366 1357 ³

604 1404 1144 1518 adgrediendi.
1181 1405 1268 1489 N
1273 1434 1370 1489 ec
1416 1427 1688 1486 tamen
1739 1404 2115 1518 proximo
2154 1406 2445 1488 itinere
2483 1407 2729 1490 duclae
2763 1408 3176 1523 legiones,
3204 1448 3378 1531 quae

602 1531 656 1610 si
705 1563 1023 1618 amnem
1072 1534 1398 1615 Araxen
1423 1539 1463 1590 4
1489 1589 1519 1633 ,
1551 1532 1692 1640 qui
1745 1531 2052 1613 moenia
2095 1527 2391 1633 adluit,
2439 1560 2691 1646 ponte
2720 1537 3376 1652 transgrederen-

457 1685 558 1743 10
598 1681 720 1738 tur
742 1721 773 1764 ,
815 1659 959 1744 sub
1017 1661 1266 1743 stium
1308 1655 1701 1743 dabantur
1761 1689 1779 1739 ε
1842 1653 2183 1772 procul,
2249 1665 2334 1740 &
2392 1655 2812 1763 latioribus
2866 1667 3091 1753 vadis
3149 1695 3371 1756 tran-

597 1783 813 1871 fiere.
2638 1853 2643 1858 .

711 1914 921 1997 XL.
985 1910 1137 1995 ΑΤ
1183 1910 1801 2013 TrnmATES,
1854 1909 2167 2024 pudore
2225 1915 2308 1993 &
2366 1938 2589 1995 metu
2625 1971 2654 2016 ,
2712 1941 2868 2018 ne,
2917 1915 2972 1996 fi
3024 1924 3366 2006 conces-

595 2041 796 2124 fisset
831 2037 1279 2152 obsidioni,
1310 2035 1516 2120 nihil
1557 2040 1734 2153 opis
1765 2039 1850 2118 in
1893 2035 2068 2151 ipso
2096 2035 2545 2133 videretur;
2577 2039 2629 2119 fi
2667 2040 3134 2154 prohiberet
3159 2106 3189 2148 ,
3220 2051 3367 2131 im-

593 2167 877 2281 pedit1s
901 2163 1109 2250 locis
1131 2224 1160 2269 ,
1190 2165 1430 2276 seque
1469 2172 1554 2249 ὅ(
1584 2165 1977 2275 equestres
2012 2164 2288 2276 copias
2317 2161 2738 2274 inligaret:
2766 2167 3031 2252 statuit
3067 2175 3371 2284 postre-

455 2311 486 2376 1
503 2317 545 2399 5
590 2299 722 2380 mo
772 2292 1182 2378 ostendere
1244 2294 1551 2396 aciem,
1593 2299 1678 2376 ὅ(
1715 2292 1907 2375 dato
1951 2290 2083 2372 die
2124 2297 2150 2353 5
2199 2286 2585 2402 proelium
2628 2292 3040 2404 incipere,
3081 2295 3218 2378 vel
3265 2299 3372 2378 fi·-

586 2419 1030 2506 mulatione
1084 2418 1332 2532 fugae,
1390 2416 1674 2503 locum
1714 2415 1978 2503 fraudi
2030 2445 2327 2530 parare.
2380 2416 2641 2528 Igitur
2690 2421 3026 2532 repente
3070 2450 3369 2533 agmen

584 2549 1053 2636 Romanum
1097 2545 1721 2648 circumfundit,
1777 2574 1950 2628 non
2014 2546 2297 2654 ignaro
2362 2542 2570 2629 duce
2639 2546 2965 2648 nostro,
3030 2547 3166 2656 qui
3219 2550 3377 2630 via:

582 2677 874 2789 pariter
903 2681 988 2758 ὅ(
1018 2703 1302 2787 pugna:
1333 2672 1901 2788 composuerat
1947 2673 2422 2754 exercitum.
2457 2672 2751 2755 Latere
2797 2670 3084 2755 dextro
3129 2675 3377 2757 tertia

580 2799 861 2912 legio,
922 2801 1221 2883 sinistro
1278 2801 1500 2883 sexta
1554 2795 2035 2901 incedebat,
2099 2797 2385 2881 mediis
2446 2798 3081 2882 decumanorum
3129 2795 3168 2843 ⁶
3224 2800 3377 2882 de-

433 2947 544 3008 20
587 2923 809 3009 leffls
861 2961 880 3010 ι
924 2953 1249 3039 recepta
1306 2929 1514 3009 inter
1565 2925 1889 3010 ordines
1941 2923 2572 3038 impedimenta,
2625 2931 2708 3007 ὃς
2761 2949 3077 3037 tergum
3129 2923 3369 3010 mille

586 3054 896 3166 equites
952 3051 1375 3137 tuebantur
1434 3087 1452 3135 ε
1516 3050 1798 3162 quibus
1846 3048 2207 3160 jufferat,
2268 3086 2314 3128 <c
2340 3077 2434 3135 ut
2469 3050 2939 3136 instantibus
2981 3054 3365 3139 cominus

577 3181 1128 3283 »resisterent,
1179 3179 1505 3291 refugos
1547 3207 1714 3262 non
1764 3179 2391 3291 sequerentur».
2443 3180 2543 3263 In
2607 3177 2986 3263 cornibus
3038 3178 3359 3291 pedites

576 3307 1120 3421 sagittariique
1142 3367 1171 3412 ,
1204 3315 1285 3391 &
1327 3332 1594 3392 cetera
1627 3334 1909 3391 manus
1936 3307 2302 3417 equitum
2339 3304 2549 3412 ibat,
2587 3303 3049 3422 productior
3093 3328 3357 3386 cornu

578 3434 662 3516 in
714 3436 1015 3519 finistro
1075 3465 1215 3549 per
1273 3437 1435 3518 ima
1485 3430 1830 3518 collium
1859 3493 1887 3537 ,
1959 3459 2052 3518 ut
2110 3435 2165 3516 fi
2207 3436 2451 3518 hostis
2530 3431 3021 3533 intravisset,
3081 3431 3356 3512 fronte

439 3578 482 3647 2
493 3582 533 3663 5
577 3558 809 3645 sunul
839 3568 924 3645 ὅ(
970 3562 1140 3644 finu
1168 3563 1704 3678 exciperetur.
1730 3555 2166 3647 Adsultare
2205 3590 2309 3646 ex
2338 3561 2658 3646 diverso
2692 3558 3093 3643 Tiridates
3121 3615 3151 3663 ,
3184 3580 3363 3639 non

659 3853 680 3883 ¹
723 3842 1060 3922 Escausu]
1101 3843 1175 3907 Id
1225 3843 1306 3909 est
1358 3845 1620 3927 qscenfic;
1676 3844 1925 3921 Gallice
2004 3844 2213 3927 causti,
2276 3843 2614 3921 captivorum
2654 3840 2935 3917 venalium
2984 3853 3189 3918 greges
3243 3832 3365 3895 cir-‘-

579 3918 825 4001 fffffam·
1443 3952 1456 3959 ·
2004 3925 2334 4006 cumstarent
2376 3948 2396 3982 .·
2457 3941 2628 4003 eaque
2690 3921 2895 3981 circum
2938 3916 3053 3976 atio
3121 3912 3359 3976 rnilitum

654 4010 683 4039 ²
726 4003 844 4061 Sua
896 4023 1154 4066 conotus
1208 4007 1725 4082 vanuumruu]
1770 4006 1923 4080 Quo
2004 4023 2207 4065 corona
2249 4001 2529 4078 appellata
2550 3999 2663 4094 fit.
2693 3997 2810 4061 Sed
2847 3999 2869 4057 i
2949 3994 3133 4076 magis
3164 4015 3366 4056 verum-

583 4077 665 4138 de
696 4096 871 4167 more
896 4081 1139 4144 Gellius
1175 4084 1330 4156 v11,
1374 4102 1431 4164 5.
1464 4082 1655 4144 Sicuti
1686 4130 1707 4160 ,
1747 4082 1926 4174 inquit
1999 4083 2075 4164 est
2097 4080 2421 4162 quodsuprd
2450 4078 2592 4141 dixz.

586 4155 813 4217 Caehus
860 4159 1118 4220 Sabinus
1181 4160 1557 4239 erispa-itur,
1611 4161 1926 4241 antiquttus
2085 4172 2105 4215 3
2151 4163 2577 4237 ΑιτΑκΑτΑ]
2621 4158 2884 4219 Manent
2905 4152 3130 4214 rudera
3151 4168 3357 4230 prope

578 4234 863 4308 mancipia
907 4237 1034 4315 jure
1081 4236 1142 4295 be
1185 4238 1204 4296 i
1245 4257 1407 4314 capta
1456 4242 1675 4302 coronis
1725 4238 1927 4301 induta
2000 4239 2340 4314 Κοῖηὶὶταό,
2366 4256 2435 4303 ut
2468 4240 2703 4300 dicium
2733 4230 2960 4295 Annal.
3009 4231 3110 4301 11,
3161 4235 3260 4309 56.

577 4310 918 4388 veniebant,
946 4311 1007 4373 Cr
1041 4312 1244 4374 idcirco
1277 4312 1599 4380 dicebantur·
1615 4317 1722 4399 fieb
1766 4338 1923 4379 coro·
2082 4328 2118 4368 4
2153 4321 2485 4394 Anaxnn]
2519 4320 2709 4377 Nunc
2757 4309 2975 4395 I'Aras,
3015 4304 3182 4368 Vide
3228 4308 3361 4366 An-

579 4391 657 4449 nd
691 4390 909 4452 venire.
951 4391 1211 4472 Namque
1246 4411 1305 4453 ut
1352 4414 1424 4454 ea
1468 4416 1672 4456 corona
1698 4394 1925 4479 signum
2003 4397 2136 4460 nal.
2171 4399 2331 4472 XII,
2381 4416 2482 4475 51.
2858 4457 2871 4472 ,
3028 4454 3042 4468 .
3094 4456 3109 4471 .

579 4487 703 4529 erat
731 4469 1077 4546 captivorum
1124 4470 1404 4533 venalium
1494 4474 1580 4534 ita
1617 4474 1794 4549 pileus
1820 4476 1926 4537 im-
1989 4494 1996 4507 ²
2086 4488 2106 4533 5
2148 4477 2337 4538 Dar-o
2380 4495 2490 4534 mn
2521 4472 2728 4545 ]Sero
2766 4460 2945 4531 hulus
2976 4452 3114 4517 dlel
3158 4457 3371 4520 osten-

578 4548 779 4629 pqlitus
793 4547 1199 4630 demonstrabat
1212 4518 1462 4630 ejusmodi
1480 4553 1678 4632 servos
1703 4572 1927 4615 venum·
1997 4554 2102 4615 dit
2148 4552 2350 4615 aciem
2365 4596 2399 4625 „,
2455 4548 2559 4610 die
2614 4541 2860 4621 postero
2912 4534 3217 4611 proelium
3259 4535 3367 4605 inq

584 4624 742 4703 dari,
787 4649 1013 4708 quorum
1044 4629 1264 4689 nomine
1297 4633 1524 4706 emptori
1561 4628 1819 4691 venditor
1839 4633 1927 4694 ni·
2003 4653 2078 4695 ce
2123 4646 2316 4694 turuS.
2928 4661 2935 4666 ·
3224 4688 3240 4704 ,

584 4701 662 4764 hil
688 4706 994 4786 proestarer.
1042 4706 1097 4767 E
1169 4726 1352 4770 autem
1381 4709 1497 4771 alia
1539 4710 1784 4771 rationis
1825 4710 1926 4770 hu·
2156 4708 2392 4771 Manus
2419 4691 3245 4781 nncuuxnoanJDelqffl
3263 4690 3381 4779 de·—

572 4781 672 4860 jus
706 4784 922 4861 opinio,
947 4807 1044 4845 cur
1103 4787 1176 4847 ici
1201 4787 1525 4882 sslitumfit
1558 4790 1811 4866 captivos
1818 4789 1925 4868 sub
2009 4797 2422 4849 cumanorum
2461 4821 2480 4850 ,
2534 4774 2639 4834 seu
2693 4769 2951 4857 decxmae
3036 4770 3390 4867 legionis-2

574 4864 779 4925 corona
805 4864 1164 4949 venumdari,
1206 4865 1347 4952 qudd
1385 4867 1591 4931 mtlites
1610 4916 1637 4951 ‚
1677 4866 1929 4949 custodia
2006 4861 2293 4928 medium
2320 4871 2548 4938 agmen
2576 4847 2990 4914 Obtmebstsst·
