4975 6149
1504 377 1626 474 16‘
2036 381 2136 470 C.
2239 377 3045 470 CORNELII
3139 374 3822 468 TACITL·

1214 578 1451 626 Ξ
1495 575 1769 665 paucae
1842 542 2190 661 primum
2221 556 2246 593 ¹
2302 544 2559 629 fuere:
2612 544 2903 629 deinde
2952 543 3235 628 additae
3295 541 3478 627 sunt
3526 552 3587 626 ².
3635 546 3833 655 Quo
3886 541 4272 663 exemplo

1217 656 1446 712 “⁰³³⁶
1509 673 1900 759 Claudius
1931 699 2088 757 tres
2133 671 2401 754 literas
2456 667 2758 779 adjecit
2799 681 2821 731 ³
2852 731 2882 776 ,
2911 701 3080 781 quae
3121 667 3303 752 usui
3347 671 3858 784 imperitante
3888 699 3991 755 eo
4018 731 4046 776 ,
4089 677 4265 788 post

1262 748 1409 812 800.

1273 860 1324 908 J,
1355 856 1417 909 ς,
1501 799 1939 887 obliteratae
1962 858 1991 901 ,
2051 797 2546 910 aspiciuntur
2592 800 2836 882 etiam
2888 827 3109 883 nunc
3146 798 3234 880 in
3283 807 3493 883 aere⁴
3532 793 4037 912 publicandis
4086 797 4266 915 ple-

1276 963 1387 1026 47·

1498 927 1805 1016 biscitis
1847 953 1988 1039 per
2027 921 2203 1006 fora
2229 954 2325 1007 ac
2377 922 2680 1038 templa
2730 926 2922 1009 fixo.

1627 1052 1835 1136 XV.
1913 1050 2371 1134 RETUer
2438 1049 2732 1134 deinde
2775 1051 2874 1135 ad
2914 1050 3280 1134 senatum
3318 1050 3554 1167 super
3595 1027 3957 1163 collegio
3993 1047 4266 1132 harus-
4323 1062 4380 1150 ς

1501 1181 1780 1295 picum
1838 1185 1865 1242 5
1893 1236 1922 1279 ,
1980 1205 2084 1260 ne
2175 1210 2221 1252 (ε
2272 1175 2777 1261 vetustissima
2853 1174 3101 1260 Italiae
3179 1174 3605 1290 disciplina
3677 1205 3820 1291 per
3890 1175 4271 1296 desidiam

1497 1300 2106 1390 »exolesceretz
2156 1299 2354 1416 saepe
2419 1301 2757 1386 adverfis
2819 1296 3282 1416 reipublicae
3338 1300 3837 1416 temporibus
3902 1302 4272 1405 accitos,

1496 1459 1909 1542 »quorum
1981 1431 2301 1512 monitu
2372 1427 2948 1539 redintegratas
3008 1430 3498 1512 caerimonias
3528 1485 3557 1531 ,
3621 1429 3828 1510 &in
3870 1428 4273 1542 posterum

1498 1557 1849 1640 »reffltxs
1914 1552 2279 1638 habitas:
2345 1553 2897 1667 primoresque
2946 1551 3277 1637 Etruriae
3340 1555 3626 1669 sponte
3653 1610 3682 1656 ,
3750 1579 3888 1636 aut
3955 1580 4272 1667 patrum

1499 1684 2134 1767 »Romanorum
2190 1677 2542 1793 impulsu
2571 1676 2608 1726 ⁶
2634 1740 2662 1784 ‚
2716 1679 3124 1780 retinuisse
3168 1681 3586 1765 scientiam
3609 1737 3637 1782 ,
3677 1685 3759 1762 &
3804 1681 3889 1760 in
3925 1677 4269 1764 familias

1498 1804 2075 1922 »propagass‘oe
2123 1806 2343 1917 quod
2382 1807 2633 1891 *nunc
2696 1806 3013 1918 segnius
3073 1807 3299 1910 fieri,
3361 1799 3689 1920 publica
3740 1806 3957 1888 circa
4017 1802 4272 1892 bonas

1498 1957 1776 2034 >partes
1828 1928 2247 2034 socordia,
2283 1939 2375 2020 ,δε
2425 1933 2611 2041 quia
2659 1959 3005 2016 externae
3060 1925 3655 2046 superstitiones
3696 1925 4131 2015 valescant.
4167 1929 4278 2018 Et

1499 2056 1744 2141 »laeta
1768 2055 2094 2165 quidem
2125 2059 2208 2138 in
2234 2057 2570 2174 praesens
2606 2062 2884 2149 omnia
2912 2085 2938 2154 3
2979 2057 3118 2138 sed
3152 2056 3632 2168 benignitati
3664 2055 3904 2137 deum
3929 2058 4281 2170 gratiam

1495 2271 1576 2351 βε
1637 2268 1764 2350 ipse
1806 2267 2008 2342 testis,
2049 2268 2118 2331 in
2168 2267 2578 2349 Terpsichore
2624 2274 2718 2344 V,
2772 2274 2850 2351 58
2926 2269 3091 2335 Vide
3112 2271 3313 2354 Notas
3340 2267 3919 2340 &Emendationes
3944 2255 4025 2335 ad
4048 2270 4283 2346 Annal-

1500 2351 1576 2413 &
1628 2368 1725 2430 59.
1790 2346 2134 2410 Phoenicias
2197 2351 2352 2411 vero
2381 2395 2401 2424 ‚
2458 2369 2594 2429 quae
2649 2346 2852 2412 adhuc
2929 2352 3050 2424 XI,
3090 2372 3186 2429 ¹4.-

1500 2424 1739 2490 exstant
1773 2425 1841 2487 in
1875 2426 2146 2489 nummis
2182 2426 2441 2507 aliisque
2479 2447 2854 2491 monumen·
3014 2439 3034 2486 5
3074 2429 3555 2505 Haausrrctm]
3581 2428 3775 2502 Exta,
3812 2424 3906 2488 ful
3950 2446 4097 2504 ura,
4139 2446 4284 2506 pors-

1376 2570 1380 2575 ,
1499 2505 1623 2578 tis,
1658 2525 1696 2568 a
1725 2503 2116 2567 Samaritanis
2163 2504 2521 2585 profluxiffe
2568 2504 2854 2569 manifes-
2932 2523 3105 2570 tenta
3131 2507 3699 2586 interpretabantur
3731 2503 3883 2567 haru
3910 2505 4097 2585 pices.
4118 2505 4284 2572 Vide

1499 2600 1642 2656 tum
1674 2582 1792 2645 erit
1838 2582 2172 2656 omnibuS‚
2229 2583 2338 2663 qui
2379 2583 2707 2664 utrasque,
2750 2585 2856 2648 vel
2931 2586 3250 2660 Tullium,
3291 2585 3371 2648 de
3425 2582 3881 2658 Divinatione,
3928 2585 3996 2659 1,
4039 2588 4132 2646 18.
4177 2586 4283 2660 11,

1499 2661 1776 2726 Eduardi
1810 2662 2107 2724 Bernardi
2136 2663 2444 2740 tabulam,
2487 2684 2526 2727 a
2562 2665 2660 2727 Cl.
2685 2663 2858 2727 Mor·
2934 2687 3035 2726 22.
3101 2667 3337 2727 Eorum
3390 2662 3541 2725 disci
3587 2661 3716 2724 lina
3771 2660 3937 2751 apud
3996 2660 4283 2725 Etruscos

1502 2757 1624 2816 ton
1664 2739 1936 2813 editam,
1962 2739 2366 2820 inspexerint.
2933 2742 3327 2812 vetustiffima
3372 2742 3442 2808 &
3485 2762 3558 2804 ce
3585 2742 3914 2808 eberrima.
3959 2742 4043 2801 Ut
4080 2741 4286 2808 Roma

1582 2829 1600 2858 ¹
1649 2821 1875 2881 Paucis
1903 2821 2214 2895 ramum]
2253 2821 2460 2890 Paucae
2544 2816 2756 2884 uidem
2787 2818 2859 2882 &
2934 2821 3059 2901 ipsa
3083 2820 3502 2897 conderetur,
3524 2840 3562 2882 a
3586 2817 3861 2881 Romulo
3897 2816 4084 2884 acciti
4105 2817 4285 2896 sunt,

1504 2896 1732 2972 rudes,
1778 2896 2134 2959 rudioribus
2173 2896 2372 2966 adhuc
2413 2919 2524 2961 ver
2573 2897 2644 2959 is.
2679 2898 2858 2960 Unde
2936 2900 3082 2963 teste
3145 2896 3452 2961 Plutarch.
3517 2897 3587 2959 in
3648 2894 3904 2960 Romul.
3979 2915 4055 2974 pa
4100 2940 4116 2956 .
4180 2917 4288 2973 23.

1498 2975 1673 3059 ¹apud
1717 2974 1978 3042 Livium
2022 2977 2177 3050 VII,
2236 2997 2296 3058 3·
2342 2993 2726 3039 memoratur
2769 2974 2860 3035 lex
2936 2977 3087 3056 ἔκιε-ι
3121 2978 3206 3042 τὶν
3232 2975 3380 3036 πέλω
3403 3019 3424 3050 ,
3453 2980 3508 3035 ἔκ
3530 2973 4051 3056 Τυρῥηηίςμιτιπεμ
4108 2973 4284 3051 &patroc

1504 3051 1715 3134 vetusta
1762 3053 1956 3130 priscis
1997 3050 2176 3114 literis
2196 3100 2217 3131 ,
2274 3053 2548 3134 verbisc‘que
2594 3053 2812 3134 scripta
2837 3101 2857 3129 ,
2935 3055 3126 3137 ἄνδρες
3205 3057 3344 3133 ἱεροῖς
3404 3080 3510 3114 τισι
3564 3056 3779 3131 θαι-μᾶς
3834 3050 3922 3112 aa}
3984 3051 4292 3131 γράμμασιν

1506 3151 1677 3201 anno
1703 3135 1781 3193 U·
1818 3133 1893 3194 C·
1931 3154 2187 3196 cccxc1·
2221 3129 2300 3195 A.
2332 3136 2409 3197 C.
2442 3138 2521 3211 36
2528 3154 2583 3210 3·
2680 3134 2858 3194 uim·
2937 3132 3297 3212 ὁφηγουμένους
3333 3130 3499 3196 ’ἔειπε
3539 3130 3627 3191 καὶ
3680 3123 4027 3194 &eike-unae
4049 3174 4070 3204 ,
4123 3130 4290 3212 iiam-tp

1502 3210 1636 3290 ‘que
1695 3227 1839 3269 raroe
1873 3230 1975 3285 per
2025 3229 2091 3270 ea
2137 3228 2380 3285 tempora
2421 3210 2599 3272 literoe
2679 3226 2863 3272 orent
2938 3219 2981 3274 ir
3024 3219 3222 3278 τιλιτῆ.
3252 3208 3451 3271 Urbem
3476 3206 3759 3281 condidit,
3793 3208 3994 3268 accitis
4019 3228 4091 3267 ex
4118 3207 4292 3268 Etru-

1509 3287 1779 3376 testatur.
1794 3287 2123 3368 Egregium
2146 3288 2445 3352 obsoletae
2461 3288 2630 3350 illius
2655 3286 2863 3350 vetus-
2940 3289 3027 3349 rid
3051 3277 3195 3350 viri}
3295 3288 3387 3365 ui,
3420 3286 3568 3348 velut
3611 3286 3670 3346 in
3707 3285 4003 3378 mysteriis.
4034 3285 4166 3424 guid
4182 3285 4290 3361 faa·

1508 3380 1653 3430 tatis
1682 3382 2167 3428 monumentum
2206 3367 2395 3431 exstat
2408 3366 2477 3428 in
2506 3364 2865 3445 inscriptio·
2942 3366 3190 3429 ciendum
3214 3308 3333 3456 effer
3355 3364 3686 3431 caerimoniis
3703 3362 4012 3443 quibufflam
4096 3364 4291 3445 scrip-‚1

1506 3463 1593 3506 ne
1634 3443 1710 3504 L.
1748 3442 2062 3523 Scipionis
2101 3445 2389 3523 Barbati,
2427 3444 2676 3509 exarata
2702 3443 2866 3506 circa
2940 3447 3017 3506 tis
3051 3442 3461 3524 proessrtberent
3500 3440 3561 3501 ὓ·
3607 3439 3878 3507 docerent.

1509 3539 1746 3585 annum
1782 3523 1861 3581 U.
1913 3522 1988 3583 C.
2040 3543 2193 3585 cnr.
2220 3546 2263 3588 v
2288 3545 2374 3585 11.
2434 3544 2622 3607 quam
2668 3521 2865 3585 multa
3019 3524 3049 3562 ⁶
3104 3526 3374 3585 Par-auu
3433 3521 3863 3584 Romanorum
3936 3541 4217 3585 meursu
4252 3524 4290 3605 ]

1502 3616 1660 3667 ‚cum
1693 3597 1875 3665 laude
1909 3599 2252 3679 explicavit
2275 3602 2554 3673 eruditus
2583 3600 2864 3671 Sirmon-
2939 3600 3087 3662 Haec
3133 3597 3389 3661 illustrat
3419 3597 3666 3660 Tullius
3702 3599 3781 3663 de
3815 3597 4037 3661 Divin.
4074 3601 4140 3674 1,
4231 3621 4295 3675 ι,

1513 3677 1649 3745 dus.
2942 3675 3176 3737 Etruria
3233 3694 3416 3737 autem
3467 3675 3533 3735 de
3575 3675 3708 3737 coelo
3763 3676 3911 3738 ταᾶα
3946 3677 4152 3756 ftienti
4186 3680 4294 3738 tmd

1498 3754 1504 3759 ’
1595 3758 1619 3786 ²
1664 3754 1936 3816 Annrrss
1976 3758 2175 3833 suar]
2202 3760 2355 3836 Quae
2391 3758 2461 3823 ὃς
2483 3756 2738 3843 quando
2762 3757 2869 3819 ad·
2942 3753 3379 3815 animadvertit.-
3416 3752 3702 3836 eademque
3736 3755 4130 3830 interpretatur
4162 3753 4294 3835 quid

1506 3831 1660 3900 ditae
1686 3829 1802 3892 fint
1836 3832 2081 3920 prolixe
2104 3834 2174 3897 ὃ(
2202 3835 2514 3899 inutiliter
2554 3836 2867 3915 disputant
2940 3832 3220 3912 quibuffioe
3258 3831 3567 3926 ostendatur
3597 3833 3845 3914 monstris
3873 3851 4034 3913 atque
4057 3852 4290 3909 purten-.-

1515 3910 1944 3973 Grammatici.
1989 3910 2148 3974 Vide
2187 3912 2231 3974 fi
2274 3914 2369 3975 vis
2409 3915 2508 3978 Cl.
2549 3913 2864 3986 Bouhier,
2944 3909 3038 3983 tis.
3093 3910 3379 3994 Quocirca
3424 3911 3557 3973 bene
3607 3911 3757 3987 apud
3802 3911 4035 3992 majores
4087 3911 4295 3994 noſtros

1515 3986 1747 4050 differt.
1790 3988 1867 4051 de
1894 3987 2101 4067 priscis
2143 3989 2508 4055 Graecorum
2555 3995 2624 4056 &
2654 3991 2864 4055 Latin.
2927 3991 3162 4069 ftnatm
3210 4008 3324 4051 tum
3349 4038 3368 4067 ,
3410 3992 3531 4051 cum
3553 3989 3798 4085 florebat
3842 3990 4159 4067 imperium,
4205 3989 4297 4053 de·

1519 4065 1719 4141 literis
1739 4066 1856 4138 ,ad
1878 4066 2118 4130 calcem
2139 4069 2604 4151 Palaeographiae
2637 4069 2866 4142 Graecae
2944 4068 3152 4140 crevit,
3195 4087 3254 4129 ut
3284 4068 3351 4128 de
3392 4069 3703 4144 princtpum
3725 4068 3875 4151 filiis
3895 4070 4001 4149 Jex
4032 4068 4294 4162 (potius

1515 4142 1746 4215 eruditi
1774 4144 1850 4207 de
1877 4145 2318 4211 Montfaucon.
2943 4147 3038 4209 bis
3068 4148 3168 4212 sex
3191 4149 3219 4225 )
3236 4146 3484 4229 singulis
3526 4142 3773 4210 Etrurioe
3787 4147 4002 4225 populis
4038 4168 4097 4210 ιη
4140 4146 4296 4228 disci-

1594 4233 1616 4277 3
1661 4224 1836 4285 Tuas
1873 4246 2141 4289 urnas
2184 4227 2505 4301 Amnem]
2534 4227 2631 4289 De
2673 4225 2868 4290 literis
2938 4225 3151 4302 plinam
3196 4225 3584 4303 traderentur,
3627 4247 3697 4287 ne
3743 4247 3842 4288 ars
3878 4245 4041 4288 tanta
4077 4244 4298 4303 propter

1515 4320 1555 4383 a
1581 4300 1850 4366 Claudio
1871 4302 2122 4380 adjectis
2156 4303 2403 4382 longius
2430 4306 2599 4368 soret
2620 4302 2721 4367 hle
2743 4304 2868 4365 dis·
2944 4306 3265 4375 tenuitatem
3301 4304 3572 4369 hominum
3601 4326 3638 4369 a
3668 4304 3953 4388 religionis
3975 4305 4298 4367 auderitate

1518 4395 1753 4467 putare.
1802 4383 2019 4460 Itaque
2049 4382 2197 4446 vide
2234 4384 2435 4447 Notas
2472 4386 2544 4449 δε
2565 4384 2872 4447 Emenda-
2944 4381 3303 4444 abduceretur
3336 4382 3413 4451 ad
3457 4383 3753 4446 mercedem
3804 4404 3965 4466 atque
4023 4382 4296 4463 quoestum.

1516 4471 1726 4521 nones
1753 4459 1832 4525 ad
1858 4461 2078 4527 Annal.
2113 4463 2239 4536 XI,
2275 4482 2370 4539 ¹4·
2697 4494 2700 4497 *
2943 4462 3105 4528 Vide
3140 4483 3268 4545 quo
3319 4483 3396 4525 ue
3426 4463 3744 4526 Valerium
3777 4463 4120 4528 Maximum
4143 4463 4206 4532 1,
4239 4480 4296 4522 1.

1592 4542 1625 4624 ξ
1666 4536 1733 4596 Iu
1757 4560 1888 4600 mm
1911 4539 1941 4623 ]
1963 4532 2036 4600 fd
2058 4539 2138 4607 est
2160 4587 2179 4615 ,
2203 4554 2270 4603 ut
2295 4538 2528 4620 opinor
2544 4586 2563 4615 ,
2589 4538 2658 4602 in
2678 4537 2867 4602 titulo
2946 4562 3118 4603 num.
3172 4563 3193 4600 1
3209 4586 3225 4601 .
3254 4483 3582 4620 {iarufivices
3613 4540 3719 4602 Ful
3759 4544 4026 4602 uriatores
4046 4558 4295 4599 memo-

1516 4630 1690 4700 oetis,
1719 4633 1825 4692 per
1865 4616 2002 4680 fora
2041 4637 2111 4680 ac
2144 4619 2377 4698 templa
2410 4619 2561 4690 fixi,
2614 4639 2741 4698 quo
2767 4639 2872 4697 pu·
2947 4634 3038 4681 rat
3070 4619 3171 4683 Cl.
3198 4618 3397 4697 Gori,
3423 4620 3699 4684 Museum
3770 4618 4032 4681 truscum
4053 4662 4073 4691 ,
4099 4617 4299 4681 Tom.

1514 4687 1913 4777 blicabantur
1951 4695 2297 4773 plebiscita.
2328 4699 2454 4760 Sub
2502 4694 2639 4777 ipfis
2673 4695 2871 4775 impe·
2946 4700 3037 4769 11,
3075 4719 3148 4778 pa
3193 4745 3209 4761 .
3250 4705 3373 4780 783
3416 4700 3485 4762 &
3521 4699 3682 4778 apud
3718 4698 4121 4767 Fabrettum,
4172 4692 4298 4754 Ins-

1516 4769 1829 4839 tatonbus
1860 4770 2032 4836 fuisse
2067 4775 2393 4863 plebiscita
2439 4775 2649 4838 innuit
2682 4774 2871 4838 Taci-
2947 4776 3124 4849 cript.
3149 4719 3336 4839 ss0m.
3357 4779 3561 4853 cap.X
3580 4819 3603 4851 ,
3625 4794 3796 4838 num.
3829 4792 3932 4855 57.
3950 4771 4298 4857 haruSPEX

1510 4857 1616 4929 rus
1635 4845 1866 4912 Annal-
1887 4850 2003 4913 XII
2019 4896 2041 4930 ‚
2064 4874 2166 4935 «μ.
2188 4855 2506 4951 docetque
2530 4856 2634 4920 lex
2653 4853 2867 4941 Regia.
2945 4855 3435 4937 ExnsrchS.

3689 4971 3737 5021 >2
3754 4937 4299 5054 referendam,
