<?xml version="1.0" encoding="UTF-8"?>
<!DOCTYPE html PUBLIC "-//W3C//DTD XHTML 1.0 Transitional//EN"
    "http://www.w3.org/TR/xhtml1/DTD/xhtml1-transitional.dtd">
<html xmlns="http://www.w3.org/1999/xhtml" xml:lang="en" lang="en">
 <head>
  <title>
</title>
<meta http-equiv="Content-Type" content="text/html;charset=utf-8" />
  <meta name='ocr-system' content='tesseract 3.04.00' />
  <meta name='ocr-capabilities' content='ocr_page ocr_carea ocr_par ocr_line ocrx_word'/>
</head>
<body>
  <div class='ocr_page' id='page_1' title='image "./ccorneliitaciti04brotgoog_0540.png"; bbox 0 0 4975 6149; ppageno 0'>
   <div class='ocr_carea' id='block_1_1' title="bbox 1523 430 3495 548">
    <p class='ocr_par' dir='ltr' id='par_1_1' title="bbox 1523 430 3495 548">
     <span class='ocr_line' id='line_1_1' title="bbox 1523 430 3495 548; baseline -0.003 -24"><span class='ocrx_word' id='word_1_1' title='bbox 1523 463 1700 548; x_wconf 79' lang='lat'>530</span> <span class='ocrx_word' id='word_1_2' title='bbox 2303 430 3495 521; x_wconf 81' lang='lat' dir='ltr'>ANEeDoTA</span> 
     </span>
    </p>
   </div>
   <div class='ocr_carea' id='block_1_2' title="bbox 1460 587 4307 4788">
    <p class='ocr_par' dir='ltr' id='par_1_2' title="bbox 1518 587 4307 1064">
     <span class='ocr_line' id='line_1_2' title="bbox 1518 587 4303 692; baseline -0 -27"><span class='ocrx_word' id='word_1_3' title='bbox 1518 594 1858 692; x_wconf 82' lang='lat' dir='ltr'>quennium</span> <span class='ocrx_word' id='word_1_4' title='bbox 1925 589 2127 662; x_wconf 86' lang='lat' dir='ltr'>culleo</span> <span class='ocrx_word' id='word_1_5' title='bbox 2197 587 2440 682; x_wconf 76' lang='lat' dir='ltr'>inficit,</span> <span class='ocrx_word' id='word_1_6' title='bbox 2493 589 2686 687; x_wconf 73' lang='lat' dir='ltr'>quam</span> <span class='ocrx_word' id='word_1_7' title='bbox 2734 588 3022 661; x_wconf 82' lang='lat' dir='ltr'>omnibus</span> <span class='ocrx_word' id='word_1_8' title='bbox 3069 589 3324 684; x_wconf 83' lang='lat' dir='ltr'>saeculis</span> <span class='ocrx_word' id='word_1_9' title='bbox 3371 587 3611 684; x_wconf 60' lang='grc' dir='ltr'>ἕψεται</span> <span class='ocrx_word' id='word_1_10' title='bbox 3647 589 4017 683; x_wconf 87' lang='lat' dir='ltr'>accepimus.</span> <span class='ocrx_word' id='word_1_11' title='bbox 4067 589 4303 686; x_wconf 84' lang='lat' dir='ltr'>Quod</span> 
     </span>
     <span class='ocr_line' id='line_1_3' title="bbox 1521 685 4306 793; baseline -0.001 -27"><span class='ocrx_word' id='word_1_12' title='bbox 1521 716 1695 793; x_wconf 83' lang='lat' dir='ltr'>egre</span> <span class='ocrx_word' id='word_1_13' title='bbox 1749 690 1815 762; x_wconf 77' lang='lat' dir='ltr'>ie</span> <span class='ocrx_word' id='word_1_14' title='bbox 1855 685 2154 761; x_wconf 83' lang='lat' dir='ltr'>illustrat</span> <span class='ocrx_word' id='word_1_15' title='bbox 2192 686 2329 761; x_wconf 70' lang='grc' dir='ltr'>ΜΓ.</span> <span class='ocrx_word' id='word_1_16' title='bbox 2371 687 2862 765; x_wconf 72' lang='lat' dir='ltr'>Bibliothecae</span> <span class='ocrx_word' id='word_1_17' title='bbox 2909 687 3254 763; x_wconf 78' lang='lat' dir='ltr'>Caefareae</span> <span class='ocrx_word' id='word_1_18' title='bbox 3304 686 3900 763; x_wconf 85' lang='lat' dir='ltr'>Vindobonenfis</span> <span class='ocrx_word' id='word_1_19' title='bbox 3930 743 3953 776; x_wconf 91' lang='lat'>‚</span> <span class='ocrx_word' id='word_1_20' title='bbox 3994 691 4140 789; x_wconf 82' lang='lat' dir='ltr'>jam</span> <span class='ocrx_word' id='word_1_21' title='bbox 4182 690 4306 763; x_wconf 88' lang='lat' dir='ltr'>su-</span> 
     </span>
     <span class='ocr_line' id='line_1_4' title="bbox 1522 786 4304 891; baseline -0.001 -28"><span class='ocrx_word' id='word_1_22' title='bbox 1522 793 1656 891; x_wconf 65' lang='lat' dir='ltr'>pril</span> <span class='ocrx_word' id='word_1_23' title='bbox 1720 786 2063 861; x_wconf 83' lang='lat' dir='ltr'>audatus:</span> <span class='ocrx_word' id='word_1_24' title='bbox 2112 792 2252 861; x_wconf 83' lang='lat' dir='ltr'>Hoc</span> <span class='ocrx_word' id='word_1_25' title='bbox 2292 794 2725 884; x_wconf 82' lang='lat' dir='ltr'><strong><em>Imperatore,</em></strong></span> <span class='ocrx_word' id='word_1_26' title='bbox 2782 787 3109 862; x_wconf 85' lang='lat' dir='ltr'>Claudio</span> <span class='ocrx_word' id='word_1_27' title='bbox 3142 842 3162 875; x_wconf 92' lang='lat'>,</span> <span class='ocrx_word' id='word_1_28' title='bbox 3203 793 3490 882; x_wconf 75' lang='lat' dir='ltr'>primum</span> <span class='ocrx_word' id='word_1_29' title='bbox 3522 795 3852 862; x_wconf 71' lang='lat' dir='ltr'>venenarii</span> <span class='ocrx_word' id='word_1_30' title='bbox 3898 790 3974 861; x_wconf 69' lang='lat'>&amp;¹</span> <span class='ocrx_word' id='word_1_31' title='bbox 4018 790 4304 887; x_wconf 86' lang='lat' dir='ltr'>malefici</span> 
     </span>
     <span class='ocr_line' id='line_1_5' title="bbox 1523 885 4307 987; baseline -0.001 -24"><span class='ocrx_word' id='word_1_32' title='bbox 1523 885 1940 987; x_wconf 75' lang='lat' dir='ltr'><strong><em>comprehensi</em></strong></span> <span class='ocrx_word' id='word_1_33' title='bbox 1973 889 2134 986; x_wconf 71' lang='lat' dir='ltr'>fient</span> <span class='ocrx_word' id='word_1_34' title='bbox 2159 914 2190 974; x_wconf 89' lang='lat'>‚·</span> <span class='ocrx_word' id='word_1_35' title='bbox 2239 891 2517 963; x_wconf 84' lang='lat' dir='ltr'>homines</span> <span class='ocrx_word' id='word_1_36' title='bbox 2565 917 2727 961; x_wconf 75' lang='lat' dir='ltr'>XLV</span> <span class='ocrx_word' id='word_1_37' title='bbox 2754 942 2779 979; x_wconf 86' lang='lat'>‚</span> <span class='ocrx_word' id='word_1_38' title='bbox 2827 891 3123 962; x_wconf 87' lang='lat' dir='ltr'>mulieres</span> <span class='ocrx_word' id='word_1_39' title='bbox 3184 915 3476 958; x_wconf 52' lang='lat' dir='ltr'>Lxxxx*</span> <span class='ocrx_word' id='word_1_40' title='bbox 3504 944 3527 972; x_wconf 82' lang='lat'>‚</span> <span class='ocrx_word' id='word_1_41' title='bbox 3574 887 3659 958; x_wconf 80' lang='lat' dir='ltr'>ad</span> <span class='ocrx_word' id='word_1_42' title='bbox 3691 889 4083 984; x_wconf 70' lang='lat' dir='ltr'>supplicium</span> <span class='ocrx_word' id='word_1_43' title='bbox 4125 891 4307 963; x_wconf 67' lang='lat' dir='ltr'>dueta·</span> 
     </span>
     <span class='ocr_line' id='line_1_6' title="bbox 1553 1011 1690 1064; baseline 0.015 -2"><span class='ocrx_word' id='word_1_44' title='bbox 1553 1011 1690 1064; x_wconf 87' lang='lat' dir='ltr'>unt.</span> 
     </span>
    </p>

    <p class='ocr_par' dir='ltr' id='par_1_3' title="bbox 1460 991 4304 1785">
     <span class='ocr_line' id='line_1_7' title="bbox 1505 991 4303 1200; baseline 0.001 -38"><span class='ocrx_word' id='word_1_45' title='bbox 1505 991 1572 1089; x_wconf 70' lang='lat' dir='ltr'><strong><em>s</em></strong></span> <span class='ocrx_word' id='word_1_46' title='bbox 1633 1087 1863 1200; x_wconf 81' lang='lat' dir='ltr'><strong>Leges</strong></span> <span class='ocrx_word' id='word_1_47' title='bbox 1895 1106 2137 1161; x_wconf 86' lang='lat' dir='ltr'>tamen</span> <span class='ocrx_word' id='word_1_48' title='bbox 2175 1086 2459 1188; x_wconf 86' lang='lat' dir='ltr'>aliquot</span> <span class='ocrx_word' id='word_1_49' title='bbox 2485 1142 2507 1176; x_wconf 93' lang='lat'>‚</span> <span class='ocrx_word' id='word_1_50' title='bbox 2540 1085 2858 1161; x_wconf 87' lang='lat' dir='ltr'>utilitate</span> <span class='ocrx_word' id='word_1_51' title='bbox 2888 1089 2959 1160; x_wconf 74' lang='grc' dir='ltr'>δε</span> <span class='ocrx_word' id='word_1_52' title='bbox 2988 1081 3442 1160; x_wconf 81' lang='lat' dir='ltr'><strong>humanitate</strong></span> <span class='ocrx_word' id='word_1_53' title='bbox 3471 1083 4071 1160; x_wconf 76' lang='lat' dir='ltr'>commendandae</span> <span class='ocrx_word' id='word_1_54' title='bbox 4094 1141 4115 1176; x_wconf 92' lang='lat'>,</span> <span class='ocrx_word' id='word_1_55' title='bbox 4153 1086 4303 1164; x_wconf 78' lang='lat' dir='ltr'>hoe</span> 
     </span>
     <span class='ocr_line' id='line_1_8' title="bbox 1524 1184 4304 1287; baseline 0 -25"><span class='ocrx_word' id='word_1_56' title='bbox 1524 1188 1944 1287; x_wconf 73' lang='lat' dir='ltr'>Principatu</span> <span class='ocrx_word' id='word_1_57' title='bbox 1997 1186 2181 1264; x_wconf 83' lang='lat' dir='ltr'>latae.</span> <span class='ocrx_word' id='word_1_58' title='bbox 2223 1187 2524 1263; x_wconf 88' lang='lat' dir='ltr'>Scilicet</span> <span class='ocrx_word' id='word_1_59' title='bbox 2564 1210 2649 1261; x_wconf 90' lang='lat' dir='ltr'>ut</span> <span class='ocrx_word' id='word_1_60' title='bbox 2690 1206 3153 1262; x_wconf 74' lang='lat' dir='ltr'>coerceretur</span> <span class='ocrx_word' id='word_1_61' title='bbox 3196 1184 3627 1260; x_wconf 89' lang='lat' dir='ltr'>libertorum</span> <span class='ocrx_word' id='word_1_62' title='bbox 3679 1184 4038 1284; x_wconf 82' lang='lat' dir='ltr'>perfidia3</span> <span class='ocrx_word' id='word_1_63' title='bbox 4084 1191 4156 1263; x_wconf 87' lang='lat'>&amp;</span> <span class='ocrx_word' id='word_1_64' title='bbox 4193 1211 4304 1263; x_wconf 80' lang='lat' dir='ltr'><strong><em>re·-</em></strong></span> 
     </span>
     <span class='ocr_line' id='line_1_9' title="bbox 1524 1283 4304 1390; baseline 0.001 -28"><span class='ocrx_word' id='word_1_65' title='bbox 1524 1287 1860 1364; x_wconf 85' lang='lat' dir='ltr'>verentia</span> <span class='ocrx_word' id='word_1_66' title='bbox 1906 1311 2073 1390; x_wconf 85' lang='lat' dir='ltr'>erga</span> <span class='ocrx_word' id='word_1_67' title='bbox 2119 1306 2470 1387; x_wconf 86' lang='lat' dir='ltr'>patronos</span> <span class='ocrx_word' id='word_1_68' title='bbox 2501 1340 2522 1374; x_wconf 92' lang='lat'><strong>,</strong></span> <span class='ocrx_word' id='word_1_69' title='bbox 2564 1287 2857 1363; x_wconf 84' lang='lat' dir='ltr'>Tiberii</span> <span class='ocrx_word' id='word_1_70' title='bbox 2899 1284 3213 1387; x_wconf 83' lang='lat' dir='ltr'>Caiique</span> <span class='ocrx_word' id='word_1_71' title='bbox 3257 1283 3793 1384; x_wconf 82' lang='lat' dir='ltr'>suspicionibus</span> <span class='ocrx_word' id='word_1_72' title='bbox 3841 1284 4304 1364; x_wconf 70' lang='lat' dir='ltr'>crudelitate·</span> 
     </span>
     <span class='ocr_line' id='line_1_10' title="bbox 1522 1386 4303 1486; baseline -0 -24"><span class='ocrx_word' id='word_1_73' title='bbox 1522 1411 1622 1462; x_wconf 80' lang='lat' dir='ltr'>ve</span> <span class='ocrx_word' id='word_1_74' title='bbox 1673 1387 1970 1462; x_wconf 67' lang='lat' dir='ltr'>infrasta</span> <span class='ocrx_word' id='word_1_75' title='bbox 1994 1443 2015 1477; x_wconf 94' lang='lat'><strong>,</strong></span> <span class='ocrx_word' id='word_1_76' title='bbox 2066 1386 2595 1473; x_wconf 87' lang='lat' dir='ltr'>restitueretur,</span> <span class='ocrx_word' id='word_1_77' title='bbox 2639 1392 2859 1462; x_wconf 75' lang='lat' dir='ltr'>Divus</span> <span class='ocrx_word' id='word_1_78' title='bbox 2916 1388 3228 1461; x_wconf 86' lang='lat' dir='ltr'>Claudius</span> <span class='ocrx_word' id='word_1_79' title='bbox 3274 1388 3615 1473; x_wconf 88' lang='lat' dir='ltr'>libertum,</span> <span class='ocrx_word' id='word_1_80' title='bbox 3657 1391 3769 1485; x_wconf 83' lang='lat' dir='ltr'>qui</span> <span class='ocrx_word' id='word_1_81' title='bbox 3809 1387 4117 1481; x_wconf 85' lang='lat' dir='ltr'>probatus</span> <span class='ocrx_word' id='word_1_82' title='bbox 4139 1388 4303 1486; x_wconf 81' lang='lat' dir='ltr'>fue-</span> 
     </span>
     <span class='ocr_line' id='line_1_11' title="bbox 1525 1486 4300 1589; baseline 0.001 -29"><span class='ocrx_word' id='word_1_83' title='bbox 1525 1493 1619 1560; x_wconf 89' lang='lat' dir='ltr'>rit</span> <span class='ocrx_word' id='word_1_84' title='bbox 1651 1513 1930 1584; x_wconf 88' lang='lat' dir='ltr'>patrono</span> <span class='ocrx_word' id='word_1_85' title='bbox 1973 1490 2282 1562; x_wconf 81' lang='lat' dir='ltr'><strong><em>delatores</em></strong></span> <span class='ocrx_word' id='word_1_86' title='bbox 2304 1489 2679 1589; x_wconf 75' lang='lat' dir='ltr'>summiliffi</span> <span class='ocrx_word' id='word_1_87' title='bbox 2707 1550 2726 1575; x_wconf 89' lang='lat'>,</span> <span class='ocrx_word' id='word_1_88' title='bbox 2776 1493 2886 1589; x_wconf 87' lang='lat' dir='ltr'>qui</span> <span class='ocrx_word' id='word_1_89' title='bbox 2928 1488 3004 1561; x_wconf 81' lang='lat' dir='ltr'><strong><em>de</em></strong></span> <span class='ocrx_word' id='word_1_90' title='bbox 3035 1486 3221 1585; x_wconf 86' lang='lat' dir='ltr'>statu</span> <span class='ocrx_word' id='word_1_91' title='bbox 3259 1492 3393 1577; x_wconf 74' lang='lat' dir='ltr'>eius</span> <span class='ocrx_word' id='word_1_92' title='bbox 3422 1488 3717 1581; x_wconf 84' lang='lat' dir='ltr'>facerent</span> <span class='ocrx_word' id='word_1_93' title='bbox 3766 1492 3823 1556; x_wconf 84' lang='lat' dir='ltr'>et&#39;</span> <span class='ocrx_word' id='word_1_94' title='bbox 3910 1486 4300 1578; x_wconf 82' lang='lat' dir='ltr'>uaestionem,</span> 
     </span>
     <span class='ocr_line' id='line_1_12' title="bbox 1509 1581 4297 1687; baseline 0.001 -28"><span class='ocrx_word' id='word_1_95' title='bbox 1509 1590 1775 1683; x_wconf 77' lang='lat' dir='ltr'>servum</span> <span class='ocrx_word' id='word_1_96' title='bbox 1813 1594 2076 1683; x_wconf 88' lang='lat' dir='ltr'>patroni</span> <span class='ocrx_word' id='word_1_97' title='bbox 2117 1587 2223 1685; x_wconf 69' lang='lat' dir='ltr'><strong><em>effe</em></strong></span> <span class='ocrx_word' id='word_1_98' title='bbox 2249 1588 2433 1684; x_wconf 84' lang='lat' dir='ltr'>juffit</span> <span class='ocrx_word' id='word_1_99' title='bbox 2469 1616 2609 1661; x_wconf 89' lang='lat' dir='ltr'>eum</span> <span class='ocrx_word' id='word_1_100' title='bbox 2657 1590 2956 1662; x_wconf 90' lang='lat' dir='ltr'>libertum</span> <span class='ocrx_word' id='word_1_101' title='bbox 2984 1647 3003 1674; x_wconf 83' lang='lat'>,</span> <span class='ocrx_word' id='word_1_102' title='bbox 3048 1583 3329 1687; x_wconf 86' lang='lat' dir='ltr'>Digest.</span> <span class='ocrx_word' id='word_1_103' title='bbox 3368 1584 3534 1661; x_wconf 82' lang='lat' dir='ltr'>libr.</span> <span class='ocrx_word' id='word_1_104' title='bbox 3569 1581 3871 1660; x_wconf 86' lang='lat' dir='ltr'>XXXVI</span> <span class='ocrx_word' id='word_1_105' title='bbox 3920 1641 3938 1660; x_wconf 91' lang='lat'>.</span> <span class='ocrx_word' id='word_1_106' title='bbox 3976 1585 4129 1661; x_wconf 88' lang='lat' dir='ltr'>Tit.</span> <span class='ocrx_word' id='word_1_107' title='bbox 4175 1609 4297 1686; x_wconf 74' lang='lat'>14.</span> 
     </span>
     <span class='ocr_line' id='line_1_13' title="bbox 1460 1685 3261 1785; baseline 0.001 -26"><span class='ocrx_word' id='word_1_108' title='bbox 1460 1716 1464 1720; x_wconf 93' lang='lat'>·</span> <span class='ocrx_word' id='word_1_109' title='bbox 1530 1685 1623 1761; x_wconf 90' lang='lat' dir='ltr'>de</span> <span class='ocrx_word' id='word_1_110' title='bbox 1669 1685 1834 1760; x_wconf 88' lang='lat' dir='ltr'>Jure</span> <span class='ocrx_word' id='word_1_111' title='bbox 1877 1687 2318 1785; x_wconf 71' lang='lat' dir='ltr'>patronatus,</span> <span class='ocrx_word' id='word_1_112' title='bbox 2369 1691 2475 1762; x_wconf 92' lang='lat' dir='ltr'><strong><em>Le</em></strong></span> <span class='ocrx_word' id='word_1_113' title='bbox 2536 1743 2551 1761; x_wconf 95' lang='lat'>.</span> <span class='ocrx_word' id='word_1_114' title='bbox 2609 1709 2672 1780; x_wconf 81' lang='grc' dir='ltr'>ς.</span> <span class='ocrx_word' id='word_1_115' title='bbox 2715 1712 2804 1763; x_wconf 84' lang='lat' dir='ltr'>ex</span> <span class='ocrx_word' id='word_1_116' title='bbox 2850 1686 3261 1762; x_wconf 87' lang='lat' dir='ltr'>Marciano.</span> 
     </span>
    </p>

    <p class='ocr_par' dir='ltr' id='par_1_4' title="bbox 1518 1782 4301 2198">
     <span class='ocr_line' id='line_1_14' title="bbox 1632 1782 4300 1888; baseline 0.001 -30"><span class='ocrx_word' id='word_1_117' title='bbox 1632 1785 1905 1860; x_wconf 81' lang='lat' dir='ltr'><strong><em>Pariter</em></strong></span> <span class='ocrx_word' id='word_1_118' title='bbox 1961 1785 2429 1861; x_wconf 88' lang='lat' dir='ltr'>dominorum</span> <span class='ocrx_word' id='word_1_119' title='bbox 2523 1786 2812 1862; x_wconf 87' lang='lat' dir='ltr'>uritiam</span> <span class='ocrx_word' id='word_1_120' title='bbox 2867 1786 3182 1888; x_wconf 89' lang='lat' dir='ltr'>punivit.</span> <span class='ocrx_word' id='word_1_121' title='bbox 3237 1782 3429 1860; x_wconf 91' lang='lat' dir='ltr'>Nam</span> <span class='ocrx_word' id='word_1_122' title='bbox 3455 1788 3694 1883; x_wconf 82' lang='lat' dir='ltr'><strong><em>servo,</em></strong></span> <span class='ocrx_word' id='word_1_123' title='bbox 3743 1809 3923 1883; x_wconf 87' lang='lat' dir='ltr'>quem</span> <span class='ocrx_word' id='word_1_124' title='bbox 3959 1812 4078 1881; x_wconf 88' lang='lat' dir='ltr'>pro</span> <span class='ocrx_word' id='word_1_125' title='bbox 4123 1786 4300 1861; x_wconf 84' lang='lat' dir='ltr'><strong><em>dere-</em></strong></span> 
     </span>
     <span class='ocr_line' id='line_1_15' title="bbox 1529 1885 4301 1986; baseline -0.001 -28"><span class='ocrx_word' id='word_1_126' title='bbox 1529 1885 1681 1978; x_wconf 71' lang='grc' dir='ltr'>Ζὶἑῖο</span> <span class='ocrx_word' id='word_1_127' title='bbox 1724 1885 2012 1958; x_wconf 85' lang='lat' dir='ltr'>dominus</span> <span class='ocrx_word' id='word_1_128' title='bbox 2060 1889 2133 1959; x_wconf 91' lang='lat' dir='ltr'>ob</span> <span class='ocrx_word' id='word_1_129' title='bbox 2170 1914 2440 1981; x_wconf 80' lang='lat' dir='ltr'>gravem</span> <span class='ocrx_word' id='word_1_130' title='bbox 2484 1888 2934 1986; x_wconf 81' lang='lat' dir='ltr'>infirmitatem</span> <span class='ocrx_word' id='word_1_131' title='bbox 2971 1890 3194 1964; x_wconf 77' lang='lat' dir='ltr'>habuit</span> <span class='ocrx_word' id='word_1_132' title='bbox 3224 1939 3246 1976; x_wconf 93' lang='lat'><strong>,</strong></span> <span class='ocrx_word' id='word_1_133' title='bbox 3297 1912 3380 1958; x_wconf 82' lang='lat' dir='ltr'><strong><em>ex</em></strong></span> <span class='ocrx_word' id='word_1_134' title='bbox 3408 1888 3605 1962; x_wconf 66' lang='lat' dir='ltr'>edicio</span> <span class='ocrx_word' id='word_1_135' title='bbox 3637 1889 3806 1958; x_wconf 80' lang='lat' dir='ltr'>Divi</span> <span class='ocrx_word' id='word_1_136' title='bbox 3839 1886 4099 1958; x_wconf 75' lang='lat' dir='ltr'>Claudii</span> <span class='ocrx_word' id='word_1_137' title='bbox 4130 1912 4301 1959; x_wconf 82' lang='lat' dir='ltr'>com-</span> 
     </span>
     <span class='ocr_line' id='line_1_16' title="bbox 1518 1983 4298 2099; baseline 0.001 -43"><span class='ocrx_word' id='word_1_138' title='bbox 1518 1989 1689 2079; x_wconf 82' lang='lat' dir='ltr'>petit</span> <span class='ocrx_word' id='word_1_139' title='bbox 1728 1986 1989 2058; x_wconf 83' lang='lat' dir='ltr'>libertas</span> <span class='ocrx_word' id='word_1_140' title='bbox 2014 2041 2036 2074; x_wconf 91' lang='lat'>‚</span> <span class='ocrx_word' id='word_1_141' title='bbox 2079 1983 2357 2099; x_wconf 85' lang='lat' dir='ltr'>Digest.</span> <span class='ocrx_word' id='word_1_142' title='bbox 2397 1985 2564 2061; x_wconf 88' lang='lat' dir='ltr'>libr.</span> <span class='ocrx_word' id='word_1_143' title='bbox 2614 1987 2770 2064; x_wconf 91' lang='lat' dir='ltr'>XL.</span> <span class='ocrx_word' id='word_1_144' title='bbox 2806 1986 2959 2062; x_wconf 91' lang='lat' dir='ltr'>Tit.</span> <span class='ocrx_word' id='word_1_145' title='bbox 3004 1991 3074 2062; x_wconf 88' lang='lat'>8.</span> <span class='ocrx_word' id='word_1_146' title='bbox 3117 1986 3274 2083; x_wconf 87' lang='lat' dir='ltr'>Qui</span> <span class='ocrx_word' id='word_1_147' title='bbox 3315 1984 3459 2061; x_wconf 87' lang='lat' dir='ltr'>fine</span> <span class='ocrx_word' id='word_1_148' title='bbox 3507 1983 4052 2062; x_wconf 82' lang='lat' dir='ltr'>manumiffione</span> <span class='ocrx_word' id='word_1_149' title='bbox 4084 1983 4179 2060; x_wconf 90' lang='lat' dir='ltr'>ad</span> <span class='ocrx_word' id='word_1_150' title='bbox 4209 1985 4298 2058; x_wconf 86' lang='lat' dir='ltr'>li-</span> 
     </span>
     <span class='ocr_line' id='line_1_17' title="bbox 1528 2081 3382 2198; baseline 0.002 -39"><span class='ocrx_word' id='word_1_151' title='bbox 1528 2081 1883 2177; x_wconf 72' lang='lat' dir='ltr'>bertatem</span> <span class='ocrx_word' id='word_1_152' title='bbox 1927 2107 2417 2198; x_wconf 82' lang='lat' dir='ltr'>pervenrrent.</span> <span class='ocrx_word' id='word_1_153' title='bbox 2461 2089 2643 2188; x_wconf 85' lang='lat' dir='ltr'>Leg.</span> <span class='ocrx_word' id='word_1_154' title='bbox 2691 2113 2767 2163; x_wconf 88' lang='lat'>2.</span> <span class='ocrx_word' id='word_1_155' title='bbox 2803 2113 2896 2163; x_wconf 85' lang='lat' dir='ltr'>ex</span> <span class='ocrx_word' id='word_1_156' title='bbox 2934 2085 3382 2163; x_wconf 89' lang='lat' dir='ltr'>Modestino.</span> 
     </span>
    </p>

    <p class='ocr_par' dir='ltr' id='par_1_5' title="bbox 1520 2182 4300 2460">
     <span class='ocr_line' id='line_1_18' title="bbox 1535 2182 4300 2275; baseline -0.002 -13"><span class='ocrx_word' id='word_1_157' title='bbox 1535 2253 1538 2262; x_wconf 89' lang='lat'>.</span> <span class='ocrx_word' id='word_1_158' title='bbox 1633 2182 1987 2258; x_wconf 88' lang='lat' dir='ltr'>Subvemt</span> <span class='ocrx_word' id='word_1_159' title='bbox 2050 2186 2395 2261; x_wconf 83' lang='lat' dir='ltr'>matribus</span> <span class='ocrx_word' id='word_1_160' title='bbox 2420 2213 2445 2275; x_wconf 83' lang='lat'><em>3</em></span> <span class='ocrx_word' id='word_1_161' title='bbox 2504 2194 2574 2262; x_wconf 90' lang='lat'>&amp;</span> <span class='ocrx_word' id='word_1_162' title='bbox 2644 2187 2737 2262; x_wconf 85' lang='lat' dir='ltr'>ad</span> <span class='ocrx_word' id='word_1_163' title='bbox 2778 2186 3119 2262; x_wconf 89' lang='lat' dir='ltr'>solatium</span> <span class='ocrx_word' id='word_1_164' title='bbox 3174 2187 3577 2262; x_wconf 88' lang='lat' dir='ltr'>liberorum</span> <span class='ocrx_word' id='word_1_165' title='bbox 3637 2183 4042 2259; x_wconf 86' lang='lat' dir='ltr'>amissorum</span> <span class='ocrx_word' id='word_1_166' title='bbox 4087 2183 4300 2258; x_wconf 88' lang='lat' dir='ltr'>matri</span> 
     </span>
     <span class='ocr_line' id='line_1_19' title="bbox 1520 2280 4299 2382; baseline 0.001 -28"><span class='ocrx_word' id='word_1_167' title='bbox 1520 2280 1921 2382; x_wconf 87' lang='lat' dir='ltr'>legitimam</span> <span class='ocrx_word' id='word_1_168' title='bbox 1965 2308 2220 2359; x_wconf 90' lang='lat' dir='ltr'>eorum</span> <span class='ocrx_word' id='word_1_169' title='bbox 2271 2285 2534 2360; x_wconf 89' lang='lat' dir='ltr'>detulit</span> <span class='ocrx_word' id='word_1_170' title='bbox 2576 2286 3056 2361; x_wconf 86' lang='lat' dir='ltr'>hereditatem</span> <span class='ocrx_word' id='word_1_171' title='bbox 3082 2341 3107 2374; x_wconf 89' lang='lat'>‚</span> <span class='ocrx_word' id='word_1_172' title='bbox 3164 2283 3539 2362; x_wconf 73' lang='lat' dir='ltr'>Iustinian.</span> <span class='ocrx_word' id='word_1_173' title='bbox 3584 2283 3893 2358; x_wconf 88' lang='lat' dir='ltr'>Institut.</span> <span class='ocrx_word' id='word_1_174' title='bbox 3947 2282 4114 2358; x_wconf 86' lang='lat' dir='ltr'>libr.</span> <span class='ocrx_word' id='word_1_175' title='bbox 4152 2281 4299 2358; x_wconf 89' lang='grc' dir='ltr'><strong>ΙΙΙ.</strong></span> 
     </span>
     <span class='ocr_line' id='line_1_20' title="bbox 1522 2377 3065 2460; baseline 0.002 -3"><span class='ocrx_word' id='word_1_176' title='bbox 1522 2377 1622 2457; x_wconf 83' lang='lat' dir='ltr'>de</span> <span class='ocrx_word' id='word_1_177' title='bbox 1669 2382 2311 2459; x_wconf 85' lang='lat' dir='ltr'>Senatusconsulto</span> <span class='ocrx_word' id='word_1_178' title='bbox 2361 2383 2852 2460; x_wconf 79' lang='lat' dir='ltr'>Tertulliano.</span> <span class='ocrx_word' id='word_1_179' title='bbox 3042 2397 3065 2408; x_wconf 82' lang='lat'><strong><em>‘</em></strong></span> 
     </span>
    </p>

    <p class='ocr_par' dir='ltr' id='par_1_6' title="bbox 1509 2480 4305 3486">
     <span class='ocr_line' id='line_1_21' title="bbox 1632 2480 4305 2587; baseline -0 -31"><span class='ocrx_word' id='word_1_180' title='bbox 1632 2482 2021 2557; x_wconf 90' lang='lat' dir='ltr'>Consuluit</span> <span class='ocrx_word' id='word_1_181' title='bbox 2060 2491 2130 2559; x_wconf 90' lang='lat'>&amp;</span> <span class='ocrx_word' id='word_1_182' title='bbox 2169 2482 2440 2560; x_wconf 85' lang='lat' dir='ltr'>miseris</span> <span class='ocrx_word' id='word_1_183' title='bbox 2482 2484 2866 2587; x_wconf 74' lang='lat' dir='ltr'>naufragio</span> <span class='ocrx_word' id='word_1_184' title='bbox 2905 2480 3266 2585; x_wconf 75' lang='lat' dir='ltr'>perculfi3.</span> <span class='ocrx_word' id='word_1_185' title='bbox 3307 2482 3937 2579; x_wconf 77' lang='lat' dir='ltr'>Senatusconfitltum</span> <span class='ocrx_word' id='word_1_186' title='bbox 3983 2481 4305 2555; x_wconf 83' lang='lat' dir='ltr'>Claudia-</span> 
     </span>
     <span class='ocr_line' id='line_1_22' title="bbox 1524 2580 4303 2684; baseline 0 -30"><span class='ocrx_word' id='word_1_187' title='bbox 1524 2585 1627 2654; x_wconf 83' lang='lat' dir='ltr'>nis</span> <span class='ocrx_word' id='word_1_188' title='bbox 1669 2585 2048 2678; x_wconf 83' lang='lat' dir='ltr'>temporibus</span> <span class='ocrx_word' id='word_1_189' title='bbox 2080 2585 2337 2683; x_wconf 66' lang='lat' dir='ltr'>faEum</span> <span class='ocrx_word' id='word_1_190' title='bbox 2388 2585 2477 2683; x_wconf 88' lang='lat' dir='ltr'>est</span> <span class='ocrx_word' id='word_1_191' title='bbox 2505 2639 2527 2675; x_wconf 90' lang='lat'><strong>,</strong></span> <span class='ocrx_word' id='word_1_192' title='bbox 2577 2610 2649 2657; x_wconf 91' lang='lat' dir='ltr'>ut</span> <span class='ocrx_word' id='word_1_193' title='bbox 2670 2585 2742 2684; x_wconf 85' lang='lat' dir='ltr'>si</span> <span class='ocrx_word' id='word_1_194' title='bbox 2779 2591 2920 2684; x_wconf 86' lang='lat' dir='ltr'>quis</span> <span class='ocrx_word' id='word_1_195' title='bbox 2957 2613 3040 2657; x_wconf 76' lang='lat' dir='ltr'><strong><em>ex</em></strong></span> <span class='ocrx_word' id='word_1_196' title='bbox 3085 2584 3429 2683; x_wconf 67' lang='lat' dir='ltr'>naufragio</span> <span class='ocrx_word' id='word_1_197' title='bbox 3482 2585 3698 2655; x_wconf 74' lang='lat' dir='ltr'>clavos</span> <span class='ocrx_word' id='word_1_198' title='bbox 3725 2642 3746 2670; x_wconf 88' lang='lat'><strong>,</strong></span> <span class='ocrx_word' id='word_1_199' title='bbox 3810 2580 3920 2653; x_wconf 75' lang='lat' dir='ltr'>vel</span> <span class='ocrx_word' id='word_1_200' title='bbox 3977 2606 4174 2653; x_wconf 88' lang='lat' dir='ltr'>unum</span> <span class='ocrx_word' id='word_1_201' title='bbox 4216 2607 4303 2654; x_wconf 79' lang='lat' dir='ltr'><strong><em>ex</em></strong></span> 
     </span>
     <span class='ocr_line' id='line_1_23' title="bbox 1521 2680 4301 2779; baseline 0.001 -28"><span class='ocrx_word' id='word_1_202' title='bbox 1521 2684 1672 2770; x_wconf 72' lang='lat' dir='ltr'>Itis,</span> <span class='ocrx_word' id='word_1_203' title='bbox 1716 2681 2094 2779; x_wconf 80' lang='lat' dir='ltr'>abstulerit,</span> <span class='ocrx_word' id='word_1_204' title='bbox 2136 2690 2420 2757; x_wconf 88' lang='lat' dir='ltr'>omnium</span> <span class='ocrx_word' id='word_1_205' title='bbox 2455 2711 2667 2757; x_wconf 88' lang='lat' dir='ltr'>rerum</span> <span class='ocrx_word' id='word_1_206' title='bbox 2710 2689 2960 2758; x_wconf 84' lang='lat' dir='ltr'>nomine</span> <span class='ocrx_word' id='word_1_207' title='bbox 3021 2706 3335 2756; x_wconf 87' lang='lat' dir='ltr'>teneatur.</span> <span class='ocrx_word' id='word_1_208' title='bbox 3393 2686 3558 2754; x_wconf 85' lang='lat' dir='ltr'>Item</span> <span class='ocrx_word' id='word_1_209' title='bbox 3602 2684 3735 2753; x_wconf 87' lang='lat' dir='ltr'>alio</span> <span class='ocrx_word' id='word_1_210' title='bbox 3758 2680 4301 2776; x_wconf 69' lang='lat' dir='ltr'>finatufionfitlto</span> 
     </span>
     <span class='ocr_line' id='line_1_24' title="bbox 1522 2779 4301 2883; baseline -0 -30"><span class='ocrx_word' id='word_1_211' title='bbox 1522 2803 1789 2853; x_wconf 75' lang='lat' dir='ltr'>cavetur</span> <span class='ocrx_word' id='word_1_212' title='bbox 1815 2832 1837 2867; x_wconf 89' lang='lat'><strong>,</strong></span> <span class='ocrx_word' id='word_1_213' title='bbox 1888 2809 2030 2872; x_wconf 88' lang='lat' dir='ltr'>eos,</span> <span class='ocrx_word' id='word_1_214' title='bbox 2079 2810 2347 2883; x_wconf 84' lang='lat' dir='ltr'>quorum</span> <span class='ocrx_word' id='word_1_215' title='bbox 2375 2785 2619 2882; x_wconf 77' lang='lat' dir='ltr'>fraude</span> <span class='ocrx_word' id='word_1_216' title='bbox 2660 2808 2776 2856; x_wconf 90' lang='lat' dir='ltr'>aut</span> <span class='ocrx_word' id='word_1_217' title='bbox 2818 2780 3073 2880; x_wconf 83' lang='lat' dir='ltr'>confilio</span> <span class='ocrx_word' id='word_1_218' title='bbox 3134 2783 3442 2878; x_wconf 78' lang='lat' dir='ltr'>naufragi</span> <span class='ocrx_word' id='word_1_219' title='bbox 3467 2779 3778 2876; x_wconf 74' lang='lat' dir='ltr'>fitppreffi</span> <span class='ocrx_word' id='word_1_220' title='bbox 3802 2804 3924 2875; x_wconf 84' lang='lat' dir='ltr'>per</span> <span class='ocrx_word' id='word_1_221' title='bbox 3963 2785 4099 2852; x_wconf 77' lang='lat' dir='ltr'>vim</span> <span class='ocrx_word' id='word_1_222' title='bbox 4117 2780 4301 2878; x_wconf 71' lang='lat' dir='ltr'>sutf-</span> 
     </span>
     <span class='ocr_line' id='line_1_25' title="bbox 1509 2879 4298 2986; baseline 0.001 -36"><span class='ocrx_word' id='word_1_223' title='bbox 1509 2880 1707 2976; x_wconf 84' lang='lat' dir='ltr'>sent,</span> <span class='ocrx_word' id='word_1_224' title='bbox 1751 2908 1828 2953; x_wconf 91' lang='lat' dir='ltr'>ne</span> <span class='ocrx_word' id='word_1_225' title='bbox 1887 2888 2100 2971; x_wconf 78' lang='lat' dir='ltr'>navi,</span> <span class='ocrx_word' id='word_1_226' title='bbox 2154 2885 2261 2958; x_wconf 76' lang='lat' dir='ltr'>vel</span> <span class='ocrx_word' id='word_1_227' title='bbox 2310 2889 2392 2957; x_wconf 81' lang='lat' dir='ltr'>iis</span> <span class='ocrx_word' id='word_1_228' title='bbox 2437 2884 2960 2986; x_wconf 82' lang='lat' dir='ltr'>periclitantibus</span> <span class='ocrx_word' id='word_1_229' title='bbox 3010 2883 3449 2978; x_wconf 75' lang='lat' dir='ltr'>opitulentur,</span> <span class='ocrx_word' id='word_1_230' title='bbox 3514 2883 3671 2979; x_wconf 81' lang='lat' dir='ltr'>legis</span> <span class='ocrx_word' id='word_1_231' title='bbox 3724 2879 4032 2952; x_wconf 81' lang='lat' dir='ltr'>Cornelioe</span> <span class='ocrx_word' id='word_1_232' title='bbox 4060 2935 4084 2969; x_wconf 90' lang='lat'>,</span> <span class='ocrx_word' id='word_1_233' title='bbox 4158 2907 4298 2980; x_wconf 71' lang='lat' dir='ltr'>qua</span> 
     </span>
     <span class='ocr_line' id='line_1_26' title="bbox 1527 2975 4297 3082; baseline -0 -29"><span class='ocrx_word' id='word_1_234' title='bbox 1527 2979 1608 3053; x_wconf 79' lang='lat' dir='ltr'><strong><em>de</em></strong></span> <span class='ocrx_word' id='word_1_235' title='bbox 1647 2982 1912 3054; x_wconf 73' lang='lat' dir='ltr'>Sic-ariis</span> <span class='ocrx_word' id='word_1_236' title='bbox 1968 2985 2111 3056; x_wconf 84' lang='lat' dir='ltr'>lata</span> <span class='ocrx_word' id='word_1_237' title='bbox 2169 2982 2256 3081; x_wconf 88' lang='lat' dir='ltr'>est</span> <span class='ocrx_word' id='word_1_238' title='bbox 2282 3039 2303 3072; x_wconf 87' lang='lat'>,</span> <span class='ocrx_word' id='word_1_239' title='bbox 2343 2991 2550 3081; x_wconf 80' lang='lat' dir='ltr'>poenis</span> <span class='ocrx_word' id='word_1_240' title='bbox 2594 2982 3028 3082; x_wconf 76' lang='lat' dir='ltr'>adficiendus:</span> <span class='ocrx_word' id='word_1_241' title='bbox 3078 3007 3176 3054; x_wconf 88' lang='lat' dir='ltr'><strong><em>eos</em></strong></span> <span class='ocrx_word' id='word_1_242' title='bbox 3222 3005 3436 3054; x_wconf 90' lang='lat' dir='ltr'>autem</span> <span class='ocrx_word' id='word_1_243' title='bbox 3461 3035 3485 3072; x_wconf 90' lang='lat'><strong>,</strong></span> <span class='ocrx_word' id='word_1_244' title='bbox 3528 2985 3639 3081; x_wconf 78' lang='lat' dir='ltr'>qui</span> <span class='ocrx_word' id='word_1_245' title='bbox 3677 2978 3830 3080; x_wconf 83' lang='lat' dir='ltr'>quid</span> <span class='ocrx_word' id='word_1_246' title='bbox 3875 3004 3960 3050; x_wconf 82' lang='lat' dir='ltr'><strong><em>ex</em></strong></span> <span class='ocrx_word' id='word_1_247' title='bbox 4004 2975 4297 3073; x_wconf 87' lang='lat' dir='ltr'>miserri-</span> 
     </span>
     <span class='ocr_line' id='line_1_27' title="bbox 1525 3080 4300 3193; baseline 0 -41"><span class='ocrx_word' id='word_1_248' title='bbox 1525 3080 1640 3153; x_wconf 71' lang='lat' dir='ltr'>md</span> <span class='ocrx_word' id='word_1_249' title='bbox 1669 3082 2157 3183; x_wconf 81' lang='lat' dir='ltr'>naufragiorum</span> <span class='ocrx_word' id='word_1_250' title='bbox 2173 3085 2457 3182; x_wconf 67' lang='lat' dir='ltr'>fortuna</span> <span class='ocrx_word' id='word_1_251' title='bbox 2494 3087 2833 3185; x_wconf 74' lang='lat' dir='ltr'>rapuiffint</span> <span class='ocrx_word' id='word_1_252' title='bbox 2852 3140 2876 3174; x_wconf 87' lang='lat'><strong>,</strong></span> <span class='ocrx_word' id='word_1_253' title='bbox 2918 3086 3234 3156; x_wconf 76' lang='lat' dir='ltr'>lucrative</span> <span class='ocrx_word' id='word_1_254' title='bbox 3252 3083 3365 3180; x_wconf 77' lang='lat' dir='ltr'>fui</span> <span class='ocrx_word' id='word_1_255' title='bbox 3415 3105 3522 3155; x_wconf 88' lang='lat' dir='ltr'>ent</span> <span class='ocrx_word' id='word_1_256' title='bbox 3553 3081 3698 3154; x_wconf 80' lang='lat' dir='ltr'>dolo</span> <span class='ocrx_word' id='word_1_257' title='bbox 3732 3082 3904 3153; x_wconf 90' lang='lat' dir='ltr'>malo</span> <span class='ocrx_word' id='word_1_258' title='bbox 3928 3133 3951 3168; x_wconf 86' lang='lat'>‚</span> <span class='ocrx_word' id='word_1_259' title='bbox 3999 3084 4066 3153; x_wconf 86' lang='lat' dir='ltr'>in</span> <span class='ocrx_word' id='word_1_260' title='bbox 4099 3106 4300 3193; x_wconf 56' lang='lat' dir='ltr'>quan-e</span> 
     </span>
     <span class='ocr_line' id='line_1_28' title="bbox 1523 3178 4297 3281; baseline 0.001 -28"><span class='ocrx_word' id='word_1_261' title='bbox 1523 3201 1664 3253; x_wconf 90' lang='lat' dir='ltr'>tum</span> <span class='ocrx_word' id='word_1_262' title='bbox 1703 3182 1902 3256; x_wconf 70' lang='lat' dir='ltr'>edic‘lo</span> <span class='ocrx_word' id='word_1_263' title='bbox 1953 3190 2253 3278; x_wconf 70' lang='lat' dir='ltr'>praetoris</span> <span class='ocrx_word' id='word_1_264' title='bbox 2301 3188 2468 3258; x_wconf 70' lang='lat' dir='ltr'>aHio</span> <span class='ocrx_word' id='word_1_265' title='bbox 2532 3186 2797 3259; x_wconf 84' lang='lat' dir='ltr'>daretur</span> <span class='ocrx_word' id='word_1_266' title='bbox 2821 3236 2842 3271; x_wconf 91' lang='lat'>,</span> <span class='ocrx_word' id='word_1_267' title='bbox 2887 3205 3141 3257; x_wconf 87' lang='lat' dir='ltr'>tantum</span> <span class='ocrx_word' id='word_1_268' title='bbox 3190 3184 3269 3256; x_wconf 57' lang='grc' dir='ltr'>ἓν</span> <span class='ocrx_word' id='word_1_269' title='bbox 3352 3182 3463 3279; x_wconf 77' lang='lat' dir='ltr'>fio</span> <span class='ocrx_word' id='word_1_270' title='bbox 3515 3181 3670 3254; x_wconf 79' lang='lat' dir='ltr'>dare</span> <span class='ocrx_word' id='word_1_271' title='bbox 3708 3181 3924 3256; x_wconf 85' lang='lat' dir='ltr'>debere</span> <span class='ocrx_word' id='word_1_272' title='bbox 3950 3234 3972 3267; x_wconf 91' lang='lat'>,</span> <span class='ocrx_word' id='word_1_273' title='bbox 4015 3178 4297 3281; x_wconf 76' lang='lat' dir='ltr'>Digest.</span> 
     </span>
     <span class='ocr_line' id='line_1_29' title="bbox 1522 3273 4302 3384; baseline 0.003 -34"><span class='ocrx_word' id='word_1_274' title='bbox 1522 3273 1690 3361; x_wconf 80' lang='lat' dir='ltr'>libr.</span> <span class='ocrx_word' id='word_1_275' title='bbox 1754 3280 2061 3358; x_wconf 90' lang='lat' dir='ltr'>XLVII.</span> <span class='ocrx_word' id='word_1_276' title='bbox 2104 3283 2261 3359; x_wconf 90' lang='lat' dir='ltr'>Tit.</span> <span class='ocrx_word' id='word_1_277' title='bbox 2319 3310 2398 3382; x_wconf 91' lang='lat'>9.</span> <span class='ocrx_word' id='word_1_278' title='bbox 2446 3283 2569 3359; x_wconf 92' lang='lat' dir='ltr'>De</span> <span class='ocrx_word' id='word_1_279' title='bbox 2616 3282 2967 3360; x_wconf 84' lang='lat' dir='ltr'>incendio</span> <span class='ocrx_word' id='word_1_280' title='bbox 2998 3340 3022 3377; x_wconf 92' lang='lat'><strong>,</strong></span> <span class='ocrx_word' id='word_1_281' title='bbox 3069 3281 3278 3358; x_wconf 60' lang='lat' dir='ltr'>ruina</span> <span class='ocrx_word' id='word_1_282' title='bbox 3301 3337 3326 3374; x_wconf 88' lang='lat'><em>‚</em></span> <span class='ocrx_word' id='word_1_283' title='bbox 3372 3278 3756 3384; x_wconf 86' lang='lat' dir='ltr'>naufragio</span> <span class='ocrx_word' id='word_1_284' title='bbox 3783 3335 3808 3372; x_wconf 90' lang='lat'><strong>,</strong></span> <span class='ocrx_word' id='word_1_285' title='bbox 3862 3298 4063 3371; x_wconf 86' lang='lat' dir='ltr'>rate,</span> <span class='ocrx_word' id='word_1_286' title='bbox 4108 3304 4302 3359; x_wconf 82' lang='lat' dir='ltr'>nave</span> 
     </span>
     <span class='ocr_line' id='line_1_30' title="bbox 1529 3381 2848 3486; baseline 0.004 -32"><span class='ocrx_word' id='word_1_287' title='bbox 1529 3382 1966 3482; x_wconf 60' lang='lat' dir='ltr'>expugnarit.</span> <span class='ocrx_word' id='word_1_288' title='bbox 2006 3381 2181 3485; x_wconf 88' lang='lat' dir='ltr'>Leg.</span> <span class='ocrx_word' id='word_1_289' title='bbox 2235 3411 2300 3486; x_wconf 82' lang='lat'>3.</span> <span class='ocrx_word' id='word_1_290' title='bbox 2349 3410 2440 3459; x_wconf 85' lang='lat' dir='ltr'>ex</span> <span class='ocrx_word' id='word_1_291' title='bbox 2487 3383 2592 3458; x_wconf 91' lang='lat' dir='ltr'>Ul</span> <span class='ocrx_word' id='word_1_292' title='bbox 2649 3384 2848 3459; x_wconf 74' lang='lat' dir='ltr'>iano·</span> 
     </span>
    </p>

    <p class='ocr_par' dir='ltr' id='par_1_7' title="bbox 1508 3412 4300 3982">
     <span class='ocr_line' id='line_1_31' title="bbox 1640 3412 4299 3586; baseline 0.001 -33"><span class='ocrx_word' id='word_1_293' title='bbox 1640 3478 1865 3555; x_wconf 85' lang='lat' dir='ltr'>Cavit</span> <span class='ocrx_word' id='word_1_294' title='bbox 1901 3508 2197 3586; x_wconf 91' lang='lat' dir='ltr'>quoque</span> <span class='ocrx_word' id='word_1_295' title='bbox 2237 3508 2334 3559; x_wconf 91' lang='lat' dir='ltr'>ne</span> <span class='ocrx_word' id='word_1_296' title='bbox 2388 3483 2538 3560; x_wconf 86' lang='lat' dir='ltr'>levi</span> <span class='ocrx_word' id='word_1_297' title='bbox 2580 3412 2673 3560; x_wconf 60' lang='lat' dir='ltr'>&lt;fe</span> <span class='ocrx_word' id='word_1_298' title='bbox 2698 3485 2914 3560; x_wconf 66' lang='lat' dir='ltr'>causti</span> <span class='ocrx_word' id='word_1_299' title='bbox 2952 3483 3165 3559; x_wconf 82' lang='lat' dir='ltr'>status</span> <span class='ocrx_word' id='word_1_300' title='bbox 3211 3481 3712 3557; x_wconf 66' lang='lat' dir='ltr'>defunctorum</span> <span class='ocrx_word' id='word_1_301' title='bbox 3749 3477 4299 3583; x_wconf 89' lang='lat' dir='ltr'>inquietaretur.</span> 
     </span>
     <span class='ocr_line' id='line_1_32' title="bbox 1520 3579 4300 3685; baseline 0.001 -33"><span class='ocrx_word' id='word_1_302' title='bbox 1520 3579 1744 3652; x_wconf 77' lang='lat' dir='ltr'>Divus</span> <span class='ocrx_word' id='word_1_303' title='bbox 1785 3584 2095 3657; x_wconf 85' lang='lat' dir='ltr'>Claudius</span> <span class='ocrx_word' id='word_1_304' title='bbox 2145 3585 2505 3658; x_wconf 84' lang='lat' dir='ltr'>Claudiano</span> <span class='ocrx_word' id='word_1_305' title='bbox 2554 3584 2913 3685; x_wconf 72' lang='lat' dir='ltr'>rescripsit,</span> <span class='ocrx_word' id='word_1_306' title='bbox 2943 3584 3015 3683; x_wconf 87' lang='lat' dir='ltr'><strong><em>fi</em></strong></span> <span class='ocrx_word' id='word_1_307' title='bbox 3043 3612 3162 3680; x_wconf 90' lang='lat' dir='ltr'>per</span> <span class='ocrx_word' id='word_1_308' title='bbox 3215 3582 3612 3685; x_wconf 64' lang='lat' dir='ltr'>quaestionem</span> <span class='ocrx_word' id='word_1_309' title='bbox 3658 3586 4083 3654; x_wconf 86' lang='lat' dir='ltr'>nummariam</span> <span class='ocrx_word' id='word_1_310' title='bbox 4120 3608 4300 3676; x_wconf 83' lang='lat' dir='ltr'>prae·</span> 
     </span>
     <span class='ocr_line' id='line_1_33' title="bbox 1508 3677 4296 3787; baseline 0.002 -39"><span class='ocrx_word' id='word_1_311' title='bbox 1508 3679 1830 3777; x_wconf 80' lang='lat' dir='ltr'>judicium</span> <span class='ocrx_word' id='word_1_312' title='bbox 1864 3680 2076 3780; x_wconf 83' lang='lat' dir='ltr'>statui</span> <span class='ocrx_word' id='word_1_313' title='bbox 2115 3684 2396 3781; x_wconf 68' lang='lat' dir='ltr'>defunbli</span> <span class='ocrx_word' id='word_1_314' title='bbox 2441 3685 2769 3761; x_wconf 78' lang='lat' dir='ltr'>videbitur</span> <span class='ocrx_word' id='word_1_315' title='bbox 2797 3684 3007 3783; x_wconf 88' lang='lat' dir='ltr'>fieri,</span> <span class='ocrx_word' id='word_1_316' title='bbox 3060 3686 3278 3787; x_wconf 80' lang='lat' dir='ltr'>ceffitre</span> <span class='ocrx_word' id='word_1_317' title='bbox 3324 3683 3766 3786; x_wconf 62' lang='lat' dir='ltr'>quaestionem,</span> <span class='ocrx_word' id='word_1_318' title='bbox 3816 3677 4098 3783; x_wconf 86' lang='lat' dir='ltr'>Digest.</span> <span class='ocrx_word' id='word_1_319' title='bbox 4131 3679 4296 3754; x_wconf 85' lang='lat' dir='ltr'>libr.</span> 
     </span>
     <span class='ocr_line' id='line_1_34' title="bbox 1522 3773 4295 3888; baseline 0.001 -38"><span class='ocrx_word' id='word_1_320' title='bbox 1522 3773 1675 3854; x_wconf 88' lang='lat' dir='ltr'>XL.</span> <span class='ocrx_word' id='word_1_321' title='bbox 1716 3780 1868 3857; x_wconf 89' lang='lat' dir='ltr'>Tit.</span> <span class='ocrx_word' id='word_1_322' title='bbox 1922 3807 1953 3856; x_wconf 87' lang='lat'>1</span> <span class='ocrx_word' id='word_1_323' title='bbox 1973 3804 2039 3885; x_wconf 88' lang='grc' dir='ltr'>ς.</span> <span class='ocrx_word' id='word_1_324' title='bbox 2086 3781 2203 3859; x_wconf 86' lang='lat' dir='ltr'>Ne</span> <span class='ocrx_word' id='word_1_325' title='bbox 2256 3785 2347 3861; x_wconf 90' lang='lat' dir='ltr'>de</span> <span class='ocrx_word' id='word_1_326' title='bbox 2391 3783 2578 3861; x_wconf 86' lang='lat' dir='ltr'>statu</span> <span class='ocrx_word' id='word_1_327' title='bbox 2636 3784 3140 3863; x_wconf 69' lang='lat' dir='ltr'>defunctorum</span> <span class='ocrx_word' id='word_1_328' title='bbox 3177 3783 3343 3887; x_wconf 88' lang='lat' dir='ltr'>post</span> <span class='ocrx_word' id='word_1_329' title='bbox 3384 3779 3964 3888; x_wconf 88' lang='lat' dir='ltr'>quinquennium</span> <span class='ocrx_word' id='word_1_330' title='bbox 4020 3803 4295 3883; x_wconf 82' lang='lat' dir='ltr'>quaera-</span> 
     </span>
     <span class='ocr_line' id='line_1_35' title="bbox 1521 3877 2622 3982; baseline 0.005 -25"><span class='ocrx_word' id='word_1_331' title='bbox 1521 3895 1659 3957; x_wconf 86' lang='lat' dir='ltr'>tur.</span> <span class='ocrx_word' id='word_1_332' title='bbox 1698 3877 1875 3982; x_wconf 89' lang='lat' dir='ltr'>Leg.</span> <span class='ocrx_word' id='word_1_333' title='bbox 1925 3908 2002 3981; x_wconf 77' lang='lat'>4.</span> <span class='ocrx_word' id='word_1_334' title='bbox 2042 3908 2131 3957; x_wconf 83' lang='lat' dir='ltr'>ex</span> <span class='ocrx_word' id='word_1_335' title='bbox 2180 3885 2622 3963; x_wconf 85' lang='lat' dir='ltr'>Callistrato.</span> 
     </span>
    </p>

    <p class='ocr_par' dir='ltr' id='par_1_8' title="bbox 1505 3976 4299 4788">
     <span class='ocr_line' id='line_1_36' title="bbox 1603 3976 4293 4084; baseline -0 -33"><span class='ocrx_word' id='word_1_336' title='bbox 1603 3976 1942 4081; x_wconf 85' lang='lat' dir='ltr'>Repressa</span> <span class='ocrx_word' id='word_1_337' title='bbox 1956 4039 1977 4072; x_wconf 89' lang='lat'>‚</span> <span class='ocrx_word' id='word_1_338' title='bbox 1998 3983 2449 4064; x_wconf 88' lang='lat' dir='ltr'>invalescens</span> <span class='ocrx_word' id='word_1_339' title='bbox 2470 3989 2551 4062; x_wconf 90' lang='lat' dir='ltr'>in</span> <span class='ocrx_word' id='word_1_340' title='bbox 2570 3986 2748 4078; x_wconf 71' lang='lat' dir='ltr'>dice,</span> <span class='ocrx_word' id='word_1_341' title='bbox 2769 3985 3357 4064; x_wconf 85' lang='lat' dir='ltr'>testamentorum</span> <span class='ocrx_word' id='word_1_342' title='bbox 3373 3982 3720 4084; x_wconf 85' lang='lat' dir='ltr'>captatio.</span> <span class='ocrx_word' id='word_1_343' title='bbox 3748 3986 3962 4056; x_wconf 70' lang='lat' dir='ltr'>Divus</span> <span class='ocrx_word' id='word_1_344' title='bbox 3981 3978 4293 4063; x_wconf 78' lang='lat' dir='ltr'>Claudius</span> 
     </span>
     <span class='ocr_line' id='line_1_37' title="bbox 1526 4077 4299 4186; baseline 0 -35"><span class='ocrx_word' id='word_1_345' title='bbox 1526 4077 1725 4151; x_wconf 60' lang='lat' dir='ltr'>edicio</span> <span class='ocrx_word' id='word_1_346' title='bbox 1758 4089 2060 4177; x_wconf 84' lang='lat' dir='ltr'>praecepit</span> <span class='ocrx_word' id='word_1_347' title='bbox 2097 4083 2530 4184; x_wconf 79' lang='lat' dir='ltr'>adjiciendum</span> <span class='ocrx_word' id='word_1_348' title='bbox 2574 4091 2701 4186; x_wconf 83' lang='lat' dir='ltr'>legi</span> <span class='ocrx_word' id='word_1_349' title='bbox 2746 4092 3056 4161; x_wconf 85' lang='lat' dir='ltr'>Corneliae</span> <span class='ocrx_word' id='word_1_350' title='bbox 3106 4086 3196 4160; x_wconf 89' lang='lat' dir='ltr'>de</span> <span class='ocrx_word' id='word_1_351' title='bbox 3229 4085 3412 4159; x_wconf 77' lang='lat' dir='ltr'>falsis</span> <span class='ocrx_word' id='word_1_352' title='bbox 3434 4140 3459 4174; x_wconf 88' lang='lat'>‚</span> <span class='ocrx_word' id='word_1_353' title='bbox 3517 4108 3589 4157; x_wconf 83' lang='lat' dir='ltr'>ut</span> <span class='ocrx_word' id='word_1_354' title='bbox 3614 4140 3636 4173; x_wconf 89' lang='lat'>‚</span> <span class='ocrx_word' id='word_1_355' title='bbox 3664 4082 3738 4181; x_wconf 86' lang='lat' dir='ltr'><strong><em>fi</em></strong></span> <span class='ocrx_word' id='word_1_356' title='bbox 3769 4085 3903 4180; x_wconf 85' lang='lat' dir='ltr'>quis</span> <span class='ocrx_word' id='word_1_357' title='bbox 3949 4079 4092 4151; x_wconf 73' lang='lat' dir='ltr'>cr&#39;tm</span> <span class='ocrx_word' id='word_1_358' title='bbox 4130 4081 4299 4151; x_wconf 90' lang='lat' dir='ltr'>alte-</span> 
     </span>
     <span class='ocr_line' id='line_1_38' title="bbox 1519 4178 4293 4283; baseline 0.001 -36"><span class='ocrx_word' id='word_1_359' title='bbox 1519 4180 1658 4283; x_wconf 72' lang='lat' dir='ltr'>rius</span> <span class='ocrx_word' id='word_1_360' title='bbox 1704 4178 2145 4277; x_wconf 87' lang='lat' dir='ltr'>testamentum</span> <span class='ocrx_word' id='word_1_361' title='bbox 2173 4237 2198 4271; x_wconf 88' lang='lat'>‚</span> <span class='ocrx_word' id='word_1_362' title='bbox 2241 4189 2351 4259; x_wconf 77' lang='lat' dir='ltr'>vel</span> <span class='ocrx_word' id='word_1_363' title='bbox 2391 4190 2714 4261; x_wconf 87' lang='lat' dir='ltr'>codicillos</span> <span class='ocrx_word' id='word_1_364' title='bbox 2741 4241 2765 4275; x_wconf 89' lang='lat'>,</span> <span class='ocrx_word' id='word_1_365' title='bbox 2803 4190 3109 4283; x_wconf 77' lang='lat' dir='ltr'>firiberet</span> <span class='ocrx_word' id='word_1_366' title='bbox 3135 4242 3158 4274; x_wconf 91' lang='lat'><strong>,</strong></span> <span class='ocrx_word' id='word_1_367' title='bbox 3203 4186 3484 4283; x_wconf 80' lang='lat' dir='ltr'>legatum</span> <span class='ocrx_word' id='word_1_368' title='bbox 3509 4184 3646 4283; x_wconf 83' lang='lat' dir='ltr'>fibi</span> <span class='ocrx_word' id='word_1_369' title='bbox 3675 4180 3808 4278; x_wconf 72' lang='lat' dir='ltr'>sud</span> <span class='ocrx_word' id='word_1_370' title='bbox 3849 4205 4043 4253; x_wconf 92' lang='lat' dir='ltr'>manu</span> <span class='ocrx_word' id='word_1_371' title='bbox 4072 4179 4293 4275; x_wconf 85' lang='lat' dir='ltr'>scrip-</span> 
     </span>
     <span class='ocr_line' id='line_1_39' title="bbox 1505 4276 4295 4385; baseline 0 -36"><span class='ocrx_word' id='word_1_372' title='bbox 1505 4276 1671 4374; x_wconf 70' lang='lat' dir='ltr'>Jerit</span> <span class='ocrx_word' id='word_1_373' title='bbox 1695 4333 1718 4368; x_wconf 95' lang='lat'>,</span> <span class='ocrx_word' id='word_1_374' title='bbox 1759 4280 2026 4376; x_wconf 84' lang='lat' dir='ltr'>perinde</span> <span class='ocrx_word' id='word_1_375' title='bbox 2072 4306 2409 4375; x_wconf 88' lang='lat' dir='ltr'>teneatur,</span> <span class='ocrx_word' id='word_1_376' title='bbox 2456 4314 2531 4359; x_wconf 88' lang='lat' dir='ltr'>ac</span> <span class='ocrx_word' id='word_1_377' title='bbox 2553 4286 2625 4383; x_wconf 84' lang='lat' dir='ltr'><strong><em>fi</em></strong></span> <span class='ocrx_word' id='word_1_378' title='bbox 2665 4286 3050 4385; x_wconf 78' lang='lat' dir='ltr'>commisiffir</span> <span class='ocrx_word' id='word_1_379' title='bbox 3105 4289 3175 4356; x_wconf 88' lang='lat' dir='ltr'>in</span> <span class='ocrx_word' id='word_1_380' title='bbox 3225 4287 3424 4383; x_wconf 85' lang='lat' dir='ltr'>legem</span> <span class='ocrx_word' id='word_1_381' title='bbox 3491 4284 3855 4359; x_wconf 87' lang='lat' dir='ltr'>Corneliam</span> <span class='ocrx_word' id='word_1_382' title='bbox 3879 4334 3904 4370; x_wconf 88' lang='lat'>‚</span> <span class='ocrx_word' id='word_1_383' title='bbox 3951 4280 4026 4353; x_wconf 70' lang='grc' dir='ltr'>Εσ·</span> <span class='ocrx_word' id='word_1_384' title='bbox 4071 4305 4147 4352; x_wconf 86' lang='lat' dir='ltr'>ne</span> <span class='ocrx_word' id='word_1_385' title='bbox 4189 4279 4295 4351; x_wconf 77' lang='lat' dir='ltr'>vel</span> 
     </span>
     <span class='ocr_line' id='line_1_40' title="bbox 1517 4380 4297 4484; baseline 0 -35"><span class='ocrx_word' id='word_1_386' title='bbox 1517 4380 1599 4481; x_wconf 65' lang='lat' dir='ltr'>iis</span> <span class='ocrx_word' id='word_1_387' title='bbox 1648 4383 1840 4454; x_wconf 78' lang='lat' dir='ltr'>venia</span> <span class='ocrx_word' id='word_1_388' title='bbox 1884 4382 2068 4457; x_wconf 81' lang='lat' dir='ltr'>detur</span> <span class='ocrx_word' id='word_1_389' title='bbox 2094 4436 2115 4470; x_wconf 91' lang='lat'><strong>,</strong></span> <span class='ocrx_word' id='word_1_390' title='bbox 2160 4390 2270 4484; x_wconf 84' lang='lat' dir='ltr'>qui</span> <span class='ocrx_word' id='word_1_391' title='bbox 2294 4385 2368 4481; x_wconf 74' lang='lat' dir='ltr'><strong><em>fi</em></strong></span> <span class='ocrx_word' id='word_1_392' title='bbox 2415 4386 2725 4484; x_wconf 71' lang='lat' dir='ltr'>ignorcffl</span> <span class='ocrx_word' id='word_1_393' title='bbox 2763 4383 2949 4457; x_wconf 64' lang='lat' dir='ltr'>edith·</span> <span class='ocrx_word' id='word_1_394' title='bbox 2973 4386 3389 4481; x_wconf 76' lang='lat' dir='ltr'>fiveritatem</span> <span class='ocrx_word' id='word_1_395' title='bbox 3413 4385 3838 4480; x_wconf 66' lang='lat' dir='ltr'>praetendant.</span> <span class='ocrx_word' id='word_1_396' title='bbox 3880 4380 4160 4453; x_wconf 78' lang='lat' dir='ltr'>Scribere</span> <span class='ocrx_word' id='word_1_397' title='bbox 4186 4405 4297 4450; x_wconf 83' lang='lat' dir='ltr'>au—</span> 
     </span>
     <span class='ocr_line' id='line_1_41' title="bbox 1521 4478 4293 4585; baseline 0 -36"><span class='ocrx_word' id='word_1_398' title='bbox 1521 4498 1650 4551; x_wconf 87' lang='lat' dir='ltr'>tem</span> <span class='ocrx_word' id='word_1_399' title='bbox 1672 4479 1805 4577; x_wconf 88' lang='lat' dir='ltr'>fibi</span> <span class='ocrx_word' id='word_1_400' title='bbox 1839 4484 2123 4579; x_wconf 83' lang='lat' dir='ltr'>legatum</span> <span class='ocrx_word' id='word_1_401' title='bbox 2157 4486 2365 4560; x_wconf 78' lang='lat' dir='ltr'>videri</span> <span class='ocrx_word' id='word_1_402' title='bbox 2391 4539 2414 4574; x_wconf 94' lang='lat'>,</span> <span class='ocrx_word' id='word_1_403' title='bbox 2464 4511 2590 4557; x_wconf 90' lang='lat' dir='ltr'>non</span> <span class='ocrx_word' id='word_1_404' title='bbox 2613 4485 2829 4581; x_wconf 72' lang='lat' dir='ltr'>Jblum</span> <span class='ocrx_word' id='word_1_405' title='bbox 2860 4513 3000 4558; x_wconf 88' lang='lat' dir='ltr'>eum</span> <span class='ocrx_word' id='word_1_406' title='bbox 3027 4540 3050 4575; x_wconf 87' lang='lat'>,</span> <span class='ocrx_word' id='word_1_407' title='bbox 3100 4488 3207 4585; x_wconf 86' lang='lat' dir='ltr'>qui</span> <span class='ocrx_word' id='word_1_408' title='bbox 3242 4511 3434 4557; x_wconf 89' lang='lat' dir='ltr'>manu</span> <span class='ocrx_word' id='word_1_409' title='bbox 3448 4484 3579 4580; x_wconf 67' lang='lat' dir='ltr'>fied</span> <span class='ocrx_word' id='word_1_410' title='bbox 3620 4484 3691 4555; x_wconf 82' lang='lat' dir='ltr'>id</span> <span class='ocrx_word' id='word_1_411' title='bbox 3704 4485 3868 4579; x_wconf 87' lang='lat' dir='ltr'>fecit</span> <span class='ocrx_word' id='word_1_412' title='bbox 3896 4535 3918 4569; x_wconf 91' lang='lat'>‚</span> <span class='ocrx_word' id='word_1_413' title='bbox 3951 4478 4071 4575; x_wconf 83' lang='lat' dir='ltr'><strong><em>sed</em></strong></span> <span class='ocrx_word' id='word_1_414' title='bbox 4099 4483 4293 4552; x_wconf 88' lang='lat' dir='ltr'>etiam</span> 
     </span>
     <span class='ocr_line' id='line_1_42' title="bbox 1523 4576 4294 4682; baseline -0 -33"><span class='ocrx_word' id='word_1_415' title='bbox 1523 4584 1641 4676; x_wconf 76' lang='lat' dir='ltr'>qui</span> <span class='ocrx_word' id='word_1_416' title='bbox 1673 4606 1792 4674; x_wconf 79' lang='lat' dir='ltr'>per</span> <span class='ocrx_word' id='word_1_417' title='bbox 1813 4582 2334 4682; x_wconf 71' lang='lat' dir='ltr'>servumfitum,</span> <span class='ocrx_word' id='word_1_418' title='bbox 2383 4588 2491 4659; x_wconf 72' lang='lat' dir='ltr'>vel</span> <span class='ocrx_word' id='word_1_419' title='bbox 2588 4588 2794 4673; x_wconf 87' lang='lat' dir='ltr'>lium,</span> <span class='ocrx_word' id='word_1_420' title='bbox 2839 4613 3019 4680; x_wconf 86' lang='lat' dir='ltr'>quem</span> <span class='ocrx_word' id='word_1_421' title='bbox 3066 4589 3134 4657; x_wconf 91' lang='lat' dir='ltr'>in</span> <span class='ocrx_word' id='word_1_422' title='bbox 3173 4584 3543 4680; x_wconf 86' lang='lat' dir='ltr'>potestatem</span> <span class='ocrx_word' id='word_1_423' title='bbox 3591 4584 3818 4666; x_wconf 86' lang='lat' dir='ltr'>habet,</span> <span class='ocrx_word' id='word_1_424' title='bbox 3861 4581 4137 4651; x_wconf 57' lang='lat' dir='ltr'>distante</span> <span class='ocrx_word' id='word_1_425' title='bbox 4173 4576 4294 4673; x_wconf 62' lang='lat' dir='ltr'>tes:-</span> 
     </span>
     <span class='ocr_line' id='line_1_43' title="bbox 1525 4675 4296 4788; baseline -0.001 -37"><span class='ocrx_word' id='word_1_426' title='bbox 1525 4676 1738 4752; x_wconf 48' lang='lat' dir='ltr'>‘latore</span> <span class='ocrx_word' id='word_1_427' title='bbox 1766 4736 1789 4768; x_wconf 91' lang='lat'><strong>,</strong></span> <span class='ocrx_word' id='word_1_428' title='bbox 1831 4685 2042 4780; x_wconf 82' lang='lat' dir='ltr'>legato</span> <span class='ocrx_word' id='word_1_429' title='bbox 2085 4687 2461 4760; x_wconf 85' lang='lat' dir='ltr'>honoratur.</span> <span class='ocrx_word' id='word_1_430' title='bbox 2588 4684 2783 4788; x_wconf 88' lang='lat' dir='ltr'>igest.</span> <span class='ocrx_word' id='word_1_431' title='bbox 2823 4684 2979 4763; x_wconf 90' lang='lat' dir='ltr'>libr.</span> <span class='ocrx_word' id='word_1_432' title='bbox 3027 4683 3362 4759; x_wconf 85' lang='lat' dir='ltr'>XLVIII.</span> <span class='ocrx_word' id='word_1_433' title='bbox 3398 4682 3552 4759; x_wconf 87' lang='lat' dir='ltr'>Tit.</span> <span class='ocrx_word' id='word_1_434' title='bbox 3599 4705 3714 4758; x_wconf 82' lang='lat'>10.</span> <span class='ocrx_word' id='word_1_435' title='bbox 3754 4680 3846 4755; x_wconf 93' lang='lat' dir='ltr'>de</span> <span class='ocrx_word' id='word_1_436' title='bbox 3881 4677 4076 4781; x_wconf 81' lang='lat' dir='ltr'>Lege</span> <span class='ocrx_word' id='word_1_437' title='bbox 4111 4675 4296 4750; x_wconf 90' lang='lat' dir='ltr'>Cor-</span> 
     </span>
    </p>
   </div>
   <div class='ocr_carea' id='block_1_3' title="bbox 1513 4772 4294 4949">
    <p class='ocr_par' dir='ltr' id='par_1_9' title="bbox 1513 4772 4294 4949">
     <span class='ocr_line' id='line_1_44' title="bbox 1513 4772 4294 4949; baseline 0.003 -100"><span class='ocrx_word' id='word_1_438' title='bbox 1513 4775 1729 4949; x_wconf 51' lang='lat'>22¹1}</span> <span class='ocrx_word' id='word_1_439' title='bbox 1760 4778 1852 4857; x_wconf 90' lang='lat' dir='ltr'>de</span> <span class='ocrx_word' id='word_1_440' title='bbox 1892 4781 2076 4859; x_wconf 78' lang='lat' dir='ltr'>fallis</span> <span class='ocrx_word' id='word_1_441' title='bbox 2100 4836 2125 4877; x_wconf 85' lang='lat'>‚</span> <span class='ocrx_word' id='word_1_442' title='bbox 2153 4791 2226 4863; x_wconf 70' lang='grc' dir='ltr'>δι</span> <span class='ocrx_word' id='word_1_443' title='bbox 2267 4786 2357 4863; x_wconf 90' lang='lat' dir='ltr'>de</span> <span class='ocrx_word' id='word_1_444' title='bbox 2384 4785 3011 4909; x_wconf 79' lang='lat' dir='ltr'>senatusconsulto</span> <span class='ocrx_word' id='word_1_445' title='bbox 3037 4783 3481 4863; x_wconf 86' lang='lat' dir='ltr'>Liboniano.</span> <span class='ocrx_word' id='word_1_446' title='bbox 3526 4781 3703 4887; x_wconf 88' lang='lat' dir='ltr'>Leg.</span> <span class='ocrx_word' id='word_1_447' title='bbox 3754 4804 3872 4885; x_wconf 81' lang='lat'>15.</span> <span class='ocrx_word' id='word_1_448' title='bbox 3914 4806 4004 4856; x_wconf 81' lang='lat' dir='ltr'>ex</span> <span class='ocrx_word' id='word_1_449' title='bbox 4038 4772 4294 4897; x_wconf 59' lang='lat' dir='ltr'>Callis-</span> 
     </span>
    </p>
   </div>
  </div>
 </body>
</html>
