4975 6149
1466 429 1680 519 DE
1834 421 2704 524 CLAUDIO.
3311 465 3486 543 529

809 587 1037 663 Caius
1064 641 1085 675 ,
1143 585 1314 661 cilrn
1359 583 1756 687 Augustum
1797 585 2182 684 superasset
2208 642 2228 676 ,
2277 589 2648 664 aemulatus
2692 587 2790 663 est
2823 585 3042 688 Syriae
3076 593 3146 662 δε
3182 587 3487 692 AEgypti

705 713 913 790 reges
943 744 965 776 ,
1018 685 1146 789 qui
1189 684 1446 783 inopia
1486 684 1745 761 abietis
1787 685 2012 761 cedro
2058 686 2151 761 ad
2199 686 2441 763 elaffes
2480 690 2892 764 ferebantur
2937 686 3084 761 ufi:
3122 689 3485 785 fabricavit

707 791 782 864 de
827 789 1026 861 cedris
1070 788 1461 872 liburnicas,
1504 792 1844 886 gemmatis
1880 791 2197 883 puppibus
2223 842 2245 878 ‚
2296 789 2773 887 versicoloribus
2815 789 3001 866 velis.
3052 789 3354 868 Sueten.
3401 791 3485 867 in

707 887 905 965 Caio
957 883 1324 961 XXXVII.

807 985 1282 1086 Cleopatram
1329 1009 1625 1087 quoque
1665 985 1849 1061 vicit
1877 1040 1898 1075 ‚
1958 1005 2413 1062 commentus
2458 985 2981 1083 portentosiffima
3029 1012 3261 1083 genera
3309 987 3483 1061 cibo-

709 1113 857 1161 rum
887 1111 1075 1186 atque
1108 1111 1403 1159 cenarum
1428 1140 1452 1174 ,
1513 1109 1587 1158 ut
1609 1086 2074 1183 pretiostffimas
2110 1094 2506 1186 margaritas
2536 1111 2709 1160 aceto
2743 1087 3117 1184 liquefablas
3137 1088 3420 1182 sorberet
3443 1117 3477 1160 .-

706 1192 1002 1260 convivis
1059 1209 1144 1258 ex
1214 1212 1371 1258 auro
1420 1212 1620 1282 panes
1681 1187 1760 1259 ἓν
1828 1189 2082 1282 opsonia
2138 1211 2478 1282 apponeret
2516 1215 2545 1256 .·
2594 1209 2711 1260 aut
2754 1186 2950 1284 frugi
3016 1188 3325 1259 hominem
3370 1188 3482 1287 effi

707 1310 999 1380 oportere
1028 1287 1327 1357 diblitans
1356 1340 1380 1374 ,
1427 1309 1544 1359 aut
1589 1285 1916 1379 Caesarem.
1965 1286 2267 1362 Sueton.
2314 1285 2496 1361 ibid.
2636 1350 2644 1356 .
3466 1331 3475 1335 -

816 1386 958 1459 Res
1006 1383 1172 1458 Caii
1207 1405 1518 1458 narratas
1565 1384 1880 1486 reperies
1923 1386 2151 1476 infra,
2200 1386 2423 1462 Torn.
2476 1384 2608 1460 IV.
2651 1382 2731 1459 in
2764 1384 3289 1484 Supplemento
3323 1382 3484 1460 An·-

709 1482 858 1566 nal.
906 1483 1073 1561 libr.
1121 1483 1267 1562 VII
1308 1489 1377 1560 &
1429 1483 1638 1560 VIII.

1684 1686 1880 1801 De
1962 1688 2455 1803 Claudia

827 1933 1237 2012 CtAumus
1285 1935 1672 2012 haberetur
1713 1936 2020 2012 virtutes
2065 1938 2253 2014 inter
2323 1942 2394 2012 &
2436 1933 2620 2011 vitia
2682 1932 3055 2039 ambiguus
3081 1991 3102 2026 ‚
3149 1935 3229 2010 ni
3272 1933 3482 2011 Prin-³

721 2033 1000 2133 c‘ipatus
1046 2061 1211 2110 eum
1254 2036 1595 2112 hebetem
1641 2036 2089 2137 prodidisset.

814 2136 1201 2231 Smaragdos
1242 2138 1545 2210 induebat
1612 2141 1686 2210 ἔπ’
1746 2139 1996 2212 Sardoa
2042 2141 2236 2223 chas,
2284 2134 2472 2208 Plin.
2536 2133 2930 2224 XXXVII,
2990 2138 3059 2211 6.
3127 2134 3290 2210 se&
3350 2155 3482 2230 23.

717 2232 954 2326 Quod
998 2259 1150 2307 non
1195 2233 1405 2334 supra
1453 2236 1926 2332 Imperatoris
2035 2234 2282 2310 omani
2328 2233 2712 2308 fortunam.
2766 2235 2870 2307 At
2914 2227 3148 2309 Princi
3208 2235 3263 2307 is
3303 2232 3479 2308 luxu

717 2356 926 2504 pares
970 2333 1516 2436 superioresque
1575 2334 1843 2408 liberti.
1891 2334 2225 2408 Testatur
2284 2333 2555 2409 Plinius
2617 2332 2973 2424 XXXVI,
3022 2359 3095 2428 7.
3139 2261 3299 2408 gest.
3356 2357 3477 2412 12.

750 2455 791 2505 e
835 2430 1084 2506 vidisse
1125 2432 1393 2531 amplas
1433 2432 1729 2533 triginta
1759 2434 2135 2508 columnas
2186 2458 2275 2508 ex
2308 2434 2601 2533 onyche
2633 2432 2712 2507 in
2743 2433 3129 2509 cenatione
3157 2489 3178 2523 ,
3229 2435 3294 2504 la
3306 2433 3479 2522 salle

719 2536 765 2608 d
798 2558 1099 2632 manger,
1130 2556 1346 2632 quam
1391 2533 1693 2634 Callistus
1718 2590 1742 2625 ,
1787 2538 2056 2634 Caesaris
2088 2535 2350 2609 Claudii
2382 2537 2757 2610 libertorum
2786 2534 3074 2631 potentid
3108 2557 3290 2606 notus
3311 2586 3333 2622 ,
3348 2531 3482 2630 fibi

724 2635 928 2707 exaedi
985 2656 1265 2706 caverat.

707 2725 710 2730 ⁴
833 2633 1021 2805 Culin
1068 2756 1372 2832 gemmae
1414 2730 1826 2831 promiscue
1869 2729 2310 2806 haberentur
2339 2784 2361 2820 ,
2413 2731 2830 2832 excogitata
2871 2757 3072 2809 nova
3112 2730 3319 2806 luxfis
3370 2729 3486 2806 in-

720 2852 960 2908 venta.
998 2835 1207 2905 Multi
1242 2834 1458 2904 nullas
1490 2829 1840 2904 admisere
1870 2857 2153 2925 gemmas
2186 2883 2205 2916 ,
2255 2856 2533 2928 auroque
2565 2835 2692 2927 ipso
2725 2830 3139 2932 signavere:
3182 2833 3247 2904 id
3282 2833 3483 2905 Clau-

718 2935 816 3008 dii
861 2936 1238 3028 Principatu
1276 2953 1635 3025 repertum,
1681 2928 1867 3001 Plin.
1911 2927 2234 3002 XXXIII
2263 2984 2285 3017 ‚
2348 2951 2411 3001 1.
2458 2926 2621 3004 sest.
2666 2930 2737 3004 6.

818 3031 1056 3107 Immo
1116 3032 1191 3107 in
1258 3028 1487 3109 vestes
1561 3053 1809 3111 aurum
1875 3027 2206 3123 tranfiit3
2273 3025 2425 3104 visa
2475 3051 2568 3103 ue
2644 3031 2706 3103 A
2766 3027 2820 3102 ri
2875 3026 3101 3129 pina,
3188 3026 3484 3106 Claudii

717 3158 904 3211 uxor
930 3190 950 3224 ,
987 3132 1240 3207 induta
1277 3160 1432 3205 auro
1470 3136 1688 3205 textili
1701 3130 1847 3228 fine
1884 3132 2024 3202 ulla
2059 3134 2320 3203 materie
2344 3184 2367 3219 ‚
2400 3131 2452 3201 P
2486 3127 2585 3204 in.
2623 3129 2688 3201 X
2761 3129 2826 3203 X
2872 3127 2944 3203 II
2974 3184 2993 3217 ,
3051 3153 3117 3227 3.
3153 3126 3313 3202 sest.
3359 3152 3478 3223 19.

825 3233 915 3308 In
973 3253 1181 3317 tanto
1239 3232 1392 3307 auti
1451 3230 1581 3305 usu
1618 3287 1639 3321 ,
1684 3228 2053 3305 modestiae
2106 3229 2285 3305 fines
2352 3254 2508 3305 non
2570 3229 2819 3333 egredi
2864 3228 3054 3304 visus
3104 3225 3202 3301 est
3246 3228 3476 3322 fi’rvus

719 3332 1041 3421 Claudii,
1068 3332 1508 3430 Drufillanus,
1541 3338 1789 3405 nomine
1818 3331 2145 3403 Rotundus
2168 3389 2190 3426 ‚
2221 3331 2607 3426 dispensator
2632 3332 2957 3427 Hispania
2975 3332 3307 3418 citerioris,
3336 3331 3479 3399 cum

717 3437 1203 3533 quingenariam
1276 3435 1516 3504 lancem
1574 3488 1595 3522 ,
1663 3457 1764 3505 un
1810 3429 1968 3532 plat
2024 3429 2350 3533 d’argent
2401 3429 2502 3504 du
2551 3429 2768 3532 poids
2816 3427 2908 3503 de
2986 3449 3136 3529 500
3208 3424 3481 3515 livres,

719 3538 823 3603 cui
869 3533 1276 3627 fabricanda
1325 3531 1578 3629 officina
1621 3535 1802 3627 prius
1872 3531 2277 3628 exaedificata
2307 3533 2535 3631 fuerat
2561 3556 2587 3619 3
2636 3533 2715 3605 ξφ
2759 3534 3011 3602 comites
3061 3534 3192 3626 ejus
3242 3581 3263 3616 ‚
3342 3530 3478 3601 oi‘lo

719 3662 945 3705 occet.
988 3634 1346 3720 librarum,
1401 3632 1562 3706 huit
1605 3653 1836 3706 autres
1878 3630 2063 3737 plats
2123 3655 2315 3732 pour
2365 3630 2435 3703 le
2496 3632 2730 3704 meme
2774 3627 3050 3702 service
3114 3626 3212 3699 du
3264 3626 3481 3726 poids

721 3730 811 3805 de
860 3734 1013 3831 850
1055 3728 1319 3804 livres:
1356 3734 1554 3824 quaefh
1595 3755 1664 3802 ut
1705 3734 1899 3826 quam
1932 3733 2123 3805 multi
2154 3757 2256 3803 eas
2313 3734 2594 3825 conservi
2627 3735 2761 3829 ejus
2796 3724 3149 3827 inferrent,
3202 3750 3315 3799 aut
3350 3733 3485 3828 qui-

719 3834 832 3904 bus
878 3831 1242 3903 cenantibus
1272 3841 1308 3903 ἓ
1355 3827 1540 3903 Plin.
1586 3829 1904 3904 XXXIII
1934 3885 1955 3919 ,
2015 3856 2046 3905 1
2076 3855 2137 3905 1.
2186 3829 2348 3904 feet.
2459 3856 2532 3903 2.

787 3950 790 3955 ·
827 3928 1054 4005 Nulla
1110 3928 1187 4003 in
1232 3953 1309 4003 re
1367 3931 1640 4026 majora
1669 3986 1691 4019 ‚
1740 3929 1954 4042 quam
1994 3929 2072 4001 in
2111 3929 2283 4003 luxu
2312 3984 2333 4018 ,
2413 3926 2682 4002 astidia.
2737 3925 3110 4003 Romanos
3157 3950 3484 4028 gemma·

722 4056 879 4109 rum
907 4086 927 4119 ,
981 4031 1131 4105 auri
1162 4087 1182 4122 ,
1238 4029 1516 4133 argenti
1561 4029 1859 4107 taedurt:
1911 4053 2205 4129 coepere
2252 4030 2328 4102 Cr
2380 4028 2655 4127 lapidem
2682 4088 2701 4114 ,
2751 4027 2821 4103 le
2869 4027 3146 4102 marbre
3180 4082 3200 4118 ,
3242 4034 3480 4127 pinge-

723 4157 813 4202 re.
861 4132 997 4201 Hoc
1063 4134 1324 4204 Claudii
1390 4136 1705 4228 Principis
1773 4137 2148 4205 inventum:
2195 4133 2473 4203 Neronis
2524 4132 2673 4202 vero
2701 4188 2720 4215 ,
2763 4132 3047 4201 maculas
3076 4186 3100 4224 ,
3148 4155 3286 4226 qua
3355 4154 3481 4201 non

717 4230 907 4328 effent
934 4287 953 4313 ,
1004 4228 1226 4322 crustis
1268 4231 1583 4322 inserendo
1609 4294 1628 4320 ,
1680 4236 1986 4304 unitatem
2026 4235 2288 4303 variare
2315 4284 2336 4319 ‚
2383 4252 2455 4301 ut
2495 4250 2728 4301 ovatus
2761 4228 2899 4327 efflet
2932 4228 3309 4305 Numidicus
3335 4282 3357 4316 ‚
3409 4251 3483 4300 uc

769 4328 1007 4423 urpurd
1074 4325 1563 4426 distingueretur
1617 4332 2004 4427 Synnadicus
2044 4382 2063 4415 ,
2115 4332 2394 4430 qualiter
2444 4331 2592 4401 illos
2636 4329 2807 4421 nasci
2884 4348 3172 4419 optarent
3216 4326 3479 4400 delicioe.

778 4427 907 4501 lin.
955 4424 1223 4498 XXXV
1250 4482 1270 4515 ,
1326 4450 1390 4499 1.
1441 4427 1612 4522 Qua
1655 4426 1745 4499 de
1790 4452 1865 4501 re
1908 4427 2080 4503 vide
2129 4454 2425 4531 quoque
2469 4427 2585 4502 Cl.
2643 4425 2732 4499 de
2772 4422 3036 4525 Caylus
3065 4480 3085 4513 ,
3138 4426 3518 4524 Me'moires

718 4530 794 4603 de
846 4527 1232 4599 l’Acade'mie
1281 4525 1525 4623 Royale
1558 4527 1662 4597 des
1707 4528 2114 4620 Infiriptions
2145 4582 2165 4614 ,
2222 4529 2444 4602 Tom.
2501 4523 2763 4600 XXIX.
2868 4549 2977 4626 ag.
3042 4524 3210 4618 167.

815 4624 1251 4700 Pullulantia
1289 4623 1478 4698 inter
1522 4648 1701 4723 opes
1748 4622 2047 4697 crimina
2088 4649 2430 4703 coercere
2467 4624 2708 4698 voluit
2749 4624 2811 4696 C
2846 4622 3117 4697 audius.
3155 4622 3256 4695 At
3288 4622 3478 4697 male

723 4726 1091 4801 consultus
1135 4749 1223 4800 ea
1266 4724 1687 4798 monstravit
1730 4719 2025 4821 potius,
2120 4724 2283 4797 uam
2345 4722 2784 4796 emendavit.
2858 4723 3041 4799 Inde
3101 4720 3479 4821 Neronem

723 4823 1103 4928 alloquens
1139 4825 1457 4918 Seneea,¹
1502 4823 1594 4901 de
1642 4820 2057 4900 Clementia
2165 4877 2189 4915 ,
2243 4847 2288 4896 2
2299 4848 2370 4923 3.
2420 4824 2618 4896 Pater
2660 4844 2808 4896 tuus
2841 4828 3060 4921 plures
3092 4828 3265 4897 intra
3297 4828 3484 4927 quin-

984 4966 1199 5053 Tom.
1277 4967 1393 5091 Il.
2869 4967 2956 5053 X
2984 4996 3040 5051 x
3068 4995 3125 5054 x
