4975 6149
884 333 1532 428 ANNALIUM
1594 338 1939 430 LIBER
2002 337 2517 427 DECIMUS
2582 341 3096 432 TERTIUS.
3243 375 3348 456 14
3362 375 3403 453 3

635 528 1013 626 poterant
1046 531 1070 600 3
1118 530 1289 585 non
1336 498 1392 579 fi
1439 494 1732 583 imbres
1782 499 2213 604 caderent,
2251 532 2417 586 non
2455 503 2913 592 fluvialibus
2951 505 3174 618 aquis
3205 566 3235 611 ,
3279 533 3419 593 aut
3458 553 3694 586 =====

634 664 801 746 quo
832 629 998 716 alio
1030 632 1375 711 humore
1407 625 1720 710 :donec
1750 625 2027 741 inopia
2064 628 2439 731 remedii,
2471 637 2557 712 ὅ(
2592 628 2707 715 ira
2744 630 3037 738 cladis,
3078 637 3415 747 agrestes
3457 619 3697 771 ξω·

635 759 965 871 quidam
1007 756 1323 840 eminus
1374 750 1560 836 saxa
1593 748 1899 859 jacere,
1948 754 2137 837 dein
2163 814 2192 858 ‚
2235 753 2754 842 residentibus
2809 760 3196 865 flammis,
3239 792 3418 877 pro·
3510 727 3655 878 52]

638 889 818 1001 pius
859 880 1239 996 suggressi
1268 939 1296 982 ‚
1350 881 1514 961 ictu
1549 878 1869 961 fustium
1892 940 1923 983 ,
1956 876 2285 992 aliisque
2313 879 2821 987 verberibus,
2874 911 2968 969 ut
3010 888 3215 972 feras
3241 887 3414 972 abs·
3526 929 3630 992 53·

546 1042 587 1122 5
641 1010 1051 1096 terrebant
1079 1008 1524 1124 :postremo
1550 1008 1911 1118 tegmina
1951 1008 2275 1121 corpori
2311 1005 2638 1122 derepta
2663 1006 3079 1116 injiciunt,
3110 1017 3414 1123 quanto

542 1127 552 1135 ⁸
638 1140 899 1251 magis
939 1136 1331 1252 profana,
1385 1140 1469 1216 ὅ(
1499 1132 1646 1213 usu
1675 1128 2029 1247 polluta,
2080 1136 2310 1218 tanto
2356 1137 2610 1245 magis
2664 1138 3117 1252 oppressura
3156 1142 3415 1250 igneS.

768 1262 1131 1348 LVIII.
1196 1259 1560 1346 EODEM
1609 1289 1821 1343 anno
1861 1257 2387 1346 Ruminalem
2425 1259 2793 1345 arborem
2829 1275 2850 1309 ¹
2901 1266 2988 1347 in
3030 1268 3368 1350 comitio
3382 1286 3418 1372 ,'

647 1420 820 1501 quae
872 1392 1376 1501 octingentos
1442 1394 1527 1469 ὅ(
1582 1386 2103 1500 quadraginta
2158 1412 2341 1470 ante
2384 1417 2637 1472 annos
2698 1398 2729 1432 ²
2798 1391 3044 1475 Remi
3097 1394 3417 1478 Romu-

647 1515 872 1626 lique
929 1515 1347 1603 infantiam
1370 1539 1681 1598 texerat
1704 1573 1730 1616 ‚
1755 1515 2094 1598 mortuis
2121 1510 2548 1598 ramalibus
2577 1522 2659 1598 ὅ(
2691 1517 3094 1603 arescente
3119 1545 3417 1603 trunco

522 1674 600 1730 ιο
649 1641 1144 1725 deminutam
1172 1702 1200 1747 ,
1242 1639 1595 1757 prodigii
1635 1637 1830 1727 loco
1860 1636 2223 1725 habitum
2270 1641 2421 1746 est,
2465 1639 2734 1743 'donec
2766 1643 2851 1727 in
2897 1673 3155 1732 novos
3203 1643 3417 1729 fetus

648 1768 1193 1854 reviresceret.

2076 2026 2227 2074 men
2266 2009 2582 2073 Ruminalis
2605 2059 2624 2087 ‚
2665 2011 2772 2075 vel
2801 2008 3116 2074 Romularis
3157 2015 3423 2081 arboris.

2076 2091 2221 2166 Ejus
2237 2106 2496 2228 quoque
2515 2107 2808 2153 truncum
2837 2091 3114 2156 celebrat
3145 2094 3417 2160 Ovidius

2077 2167 2233 2230 Fast·
2292 2170 2318 2228 ¹
2342 2213 2363 2241 9
2395 2174 2540 2246 408·

2147 2268 2312 2322 Arbor
2334 2285 2468 2333 erat,·
2487 2284 2734 2322 remanent
2763 2270 2989 2338 vestigiae
3024 2286 3207 2340 queque
3228 2285 3423 2331 vocam!

2215 2336 2418 2389 Rumina
2438 2340 2689 2405 nuncficus
2707 2375 2722 2398 ,
2742 2339 2942 2391 Romzda
2958 2340 3074 2401 ficus
3092 2354 3210 2391 erat.

738 2024 759 2053 ¹
805 2013 1206 2075 Romanam
1274 2014 1640 2090 Annonam]
1723 2009 1947 2074 Ficum
1974 2057 1995 2088 ,

662 2090 894 2155 'dietam
910 2088 1286 2165 Ruminalem,
1317 2091 1492 2171 quod
1518 2095 1776 2154 Veteres
1805 2108 1999 2152 mam-

661 2188 828 2233 mam
873 2168 1153 2233 dicerent
1181 2187 1392 2229 rumam
1412 2216 1432 2245 ,
1461 2170 1568 2231 vel
1617 2168 1819 2229 rumin.
1859 2170 1998 2230 Co-

659 2246 913 2310 mitium
960 2250 1115 2312 vero
1161 2267 1294 2327 pars
1348 2262 1477 2310 erat
1528 2245 1656 2312 fori
1706 2245 2000 2310 Romani.

659 2328 821 2391 Rem
850 2342 1052 2391 totam
1082 2326 1220 2389 fuse
1259 2326 1530 2406 explicat
1572 2324 1805 2389 Plinius
1842 2327 1958 2389 XV
1979 2371 2002 2401 ,

665 2410 765 2468 18.
817 2403 1035 2467 Colitur
1090 2403 1247 2485 ficus
1293 2403 1457 2465 arbor
1497 2405 1557 2465 in
1637 2423 1727 2463 oro
1770 2402 1882 2482 ipfh
1935 2422 2004 2462 ac

661 2481 899 2545 &mitio
928 2484 1117 2545 Romoe
1149 2502 1328 2561 nata,
1358 2485 1526 2564 fitero
1633 2479 1883 2563 lguribus
1928 2480 2006 2542 ibi

661 2560 903 2624 conditis
922 2589 944 2623 .·
979 2584 1068 2624 ma
1110 2561 1250 2643 isque
1277 2562 1341 2624 ob
1369 2563 1679 2629 memoriam
1706 2561 1826 2652 ejus
1845 2608 1865 2637 ,
1886 2580 2004 2640 quoe

659 2642 857 2702 nutrix
874 2642 998 2719 ficit
1079 2640 1240 2701 omuli
1267 2662 1336 2701 ac
1372 2640 1530 2702 Remi
1575 2638 1875 2701 condztoris
1905 2659 2008 2716 ap-

657 2719 866 2797 pellata
890 2746 909 2780 .·
948 2720 1201 2801 quoniam
1215 2720 1324 2800 fich
1379 2722 1446 2780 ea
1491 2719 1721 2782 inventa
1771 2717 1843 2799 est
1878 2715 2007 2793 lupa
2083 2718 2346 2795 minali,
2375 2720 2524 2784 vide
2547 2724 2899 2784 Varronem
2943 2721 3022 2782 de
3061 2722 3251 2801 Ling.
3280 2723 3452 2795 Lat..

667 2799 980 2877 infantibus
1002 2799 1255 2876 proebens
1291 2819 1519 2874 rumen,
1559 2805 1586 2875 (
1619 2798 1701 2859 ita
1732 2794 2009 2858 vocabant
2087 2802 2211 2872 IV,
2245 2817 2381 2879 pag.
2417 2806 2512 2861 16.
2547 2797 2809 2861 Livium
2843 2800 2909 2874 1,
2949 2822 3009 2876 4.
3046 2800 3118 2864 δε
3157 2804 3238 2862 Χ.
3285 2820 3390 2877 23.
3435 2817 3440 2821 ’

665 2897 953 2940 mammam
979 2903 1002 2939 .-
1026 2885 1052 2957 )
1078 2878 1342 2939 miraculo
1363 2898 1435 2939 ex
1464 2898 1575 2938 oere
1588 2878 1758 2957 juxta
1779 2874 1964 2937 dicato
1986 2922 2007 2953 ,
2150 2885 2175 2915 ²
2195 2879 2645 2940 Oea-moturos
2675 2898 2754 2939 ΕΤ
2778 2895 3239 2951 ῥυΑοιιΑωιετΑ
3265 2899 3430 2941 Aura·

666 2975 941 3038 tamquam
990 2958 1053 3019 in
1124 2958 1399 3019 comitium
1440 2957 1637 3038 sponte
1702 2952 2008 3115 tranjsgffet,
2090 2958 2347 3032 Annos]
2392 2955 2513 3020 Vel
2555 2956 2727 3032 juxta
2776 2954 3070 3020 Tacitum
3123 2957 3432 3021 Romulus

1853 3035 1928 3115 us
1942 3055 2010 3095 ue
2088 3034 2441 3116 Remusque
2487 3052 2688 3097 annos
2721 3036 2986 3099 XXVIII
3032 3050 3208 3100 erant
3256 3035 3430 3113 nati,

2082 2485 2234 2547 Arte
2256 2482 2467 2565 potius
2491 2481 2687 2546 Navii
2722 2483 3001 2565 auguris,
3030 2486 3220 2565 quam
3243 2484 3425 2565 spon-

2082 2579 2186 2635 te,
2231 2582 2268 2625 a
2327 2563 2626 2627 Germalo
2672 2560 2742 2622 in
2774 2562 3130 2627 Comitium
3178 2564 3428 2628 transsa-

2083 2657 2213 2703 tam
2261 2643 2467 2706 crede.
2519 2642 2615 2703 De
2658 2642 3284 2723 Germalo‚,ficuque
3316 2664 3425 2705 ru·-

673 3035 809 3098 Atto
824 3038 1014 3100 Navio
1037 3056 1269 3120 augure.
1300 3035 1426 3098 Illic
1460 3035 1657 3116 arel'cit
1680 3059 1698 3093 .·
1732 3055 1829 3095 rur

672 3119 804 3177 cura
809 3116 1167 3210 sacerdotum
1240 3116 1430 3180 eritur.
1463 3114 1596 3178 Fuit
1635 3113 1698 3175 Cr
1726 3131 1860 3173 ante
1953 3133 2014 3172 a·
2091 3117 2234 3177 cum
2264 3117 2498 3179 Urbem
2523 3112 2907 3178 condidere:
2947 3114 3054 3175 vel
3077 3113 3316 3177 librarii
3339 3135 3434 3176 er-

672 3212 819 3258 turm
861 3195 1033 3259 oedem
1109 3196 1189 3259 Ur
1224 3196 1277 3257 is
1329 3215 1476 3256 anno
1515 3217 1708 3260 cctx.
1741 3190 2012 3330 sublata,
2092 3207 2308 3254 rarunt
2354 3195 2423 3255 in
2465 3192 2739 3255 numeris
2781 3193 2852 3256 &c
2890 3189 3266 3272 quadraginta
3314 3212 3431 3270 pro

651 3276 816 3356 ficto
855 3298 894 3338 a
943 3276 1004 3340 V
1000 3243 1253 3355 qlialihus
1269 3273 1458 3350 saffo,
1504 3295 1626 3335 cum
1670 3270 1739 3332 Si
1760 3271 1895 3332 vani
1924 3268 2015 3351 fi·
2091 3268 2329 3350 triginta
2369 3269 2681 3349 scripsere.
2699 3271 3038 3351 Vulgatum
3069 3269 3240 3332 enim
3269 3270 3436 3348 apud

667 3355 971 3417 mulacrum
988 3353 1347 3435 subverteret.
1391 3354 1659 3418 Videtur
1693 3371 1772 3413 ex
1826 3347 2015 3439 Plinii
2094 3364 2336 3412 ceteros
2374 3352 2653 3438 auctores
2694 3349 3038 3414 Romulum
3066 3349 3137 3412 ὃ(
3167 3349 3437 3436 Remum

670 3435 1093 3509 verbis,dum
1118 3450 1298 3498 vetus
1317 3434 1506 3498 arbor
1539 3430 1841 3496 aresceret
1862 3428 2014 3491 alias
2092 3446 2264 3489 anno
2326 3443 2518 3493 attans
2580 3427 2697 3490 suae
2761 3433 2984 3496 octavo
3052 3427 3122 3495 &
3180 3426 3432 3490 decimo

678 3512 854 3580 fuiffe
903 3515 1090 3591 satan
1134 3513 1205 3583 δι
1259 3511 1571 3581 servatum
1619 3510 1856 3588 semper
1895 3527 2014 3570 no·
2095 3506 2328 3569 Urbem
2371 3504 2740 3574 condidiss'e.
