4975 6149
967 410 1135 499 AD
1167 410 1628 497 LIBRUM
1677 408 1875 497 XII.
1936 403 2224 497 ANN.
2268 408 2366 524 C..
2428 408 2792 499 CORN.
2852 407 3272 503 TACITI.
3352 452 3388 524 3
3407 444 3535 530 93⁴

716 575 822 650 ita
865 569 1170 645 divisam
1215 567 1421 643 fuiss'e
1463 567 1656 642 inter
1707 593 1839 643 eos
1867 622 1888 657 ,
1936 586 2022 643 ut
2069 568 2395 643 Galilaeae
2444 570 2812 645 Cumanus
2846 627 2867 661 ,
2932 570 3141 647 Felix
3197 571 3535 651 Samariae

715 671 1323 775 procurationem
1429 689 1684 744 ereret.
1736 668 2061 744 Felicem
2113 668 2192 742 in
2238 667 2566 743 Judaeam
2612 671 2886 744 miss‘um
2935 673 3035 747 ob
3091 695 3378 749 exortas
3413 675 3531 751 Ju-

718 773 916 849 daeos
960 772 1152 847 inter
1200 776 1272 846 &
1314 768 1380 844 C
1438 767 1769 844 ristianos
1814 769 2276 845 dissensiones
2318 769 2561 843 innuit
2610 768 2863 843 Suidas
2899 826 2919 859 ‚
2969 773 3048 845 in
3090 798 3283 851 voce
3320 788 3528 853 Κλαύ-

714 890 860 955 ιῦος.
913 870 1392 948 zemamo-dnm
1457 876 1576 946 τόν
1649 879 1924 946 sehim
1971 871 2147 946 κοντοὶ
2217 877 2582 971 Χριςιοινῶν,
2643 871 2919 972 ἔρχονται
2980 886 3251 961 irrisum
3315 888 3529 960 αὐτ-αἲξ·

717 984 1015 1050 Κλαύῶον
1035 972 1360 1074 (corrige
1378 982 1707 1058 Incedebat,
1722 991 1804 1045 ut
1828 977 1898 1046 &
1924 972 2118 1072 apud
2135 970 2172 1047 J
2178 969 2434 1070 Oseph.
2470 970 2723 1071 Antiq.
2746 969 2783 1046 J
2789 970 2909 1045 ud.
2936 971 3096 1064 XX,
3125 990 3234 1073 7.)
3264 986 3523 1066 Φήλικα,

719 1084 1003 1155 καλούσας
1059 1080 1233 1166 αὐτᾷ
1262 1082 1634 1172 ‘amp-Ten!
1672 1071 1889 1155 τέτυς.
1932 1078 2097 1146 Cum
2125 1073 2339 1152 Judaei
2356 1073 2738 1168 seditionem
2772 1073 3075 1145 adversus
3132 1078 3527 1171 Christianos

718 1175 1089 1272 moviffent,
1142 1174 1457 1248 Claudius
1501 1176 1771 1247 Felicem
1807 1179 1893 1246 eis
1926 1172 2261 1270 praefecit,
2307 1173 2521 1271 eosque
2557 1177 2788 1266 punire
2804 1173 3013 1271 juffit.
3043 1173 3243 1249 Male
3275 1175 3529 1252 Suidas

719 1271 1047 1349 Felicem
1109 1273 1591 1377 cognominat
1659 1272 2051 1347 Claudium
2081 1329 2101 1362 ,
2155 1271 2274 1347 cui
2310 1270 2506 1373 apud
2553 1270 2894 1346 Tacitum
2937 1298 3358 1374 cognomen
3423 1277 3526 1354 est

723 1373 1065 1449 Antonio
1096 1431 1117 1464 ‚
1165 1395 1248 1449 ut
1291 1374 1542 1449 videre
1582 1372 1683 1449 est
1728 1372 1914 1446 infra
1955 1372 2142 1448 Hist.
2180 1372 2294 1462 V,
2322 1398 2397 1469 9.
2445 1373 2564 1444 De
2628 1369 2875 1447 Felice
2921 1375 3065 1470 jam
3111 1374 3262 1447 dixi
3313 1376 3522 1475 supra

726 1498 941 1571 cap.2
953 1498 1024 1570 3,
1063 1474 1142 1547 in
1166 1478 1555 1549 Stemmate
1578 1472 2326 1569 Herodum,num.14.
2372 1471 2447 1546 Si
2467 1470 2677 1572 plura
2703 1470 2793 1546 de
2822 1475 3158 1549 Cumano
3185 1481 3254 1551 δε
3274 1476 3526 1551 Felice

723 1571 1052 1649 volueris
1073 1630 1093 1663 ,
1136 1574 1256 1648 adi
1295 1573 1674 1650 Petavium
1702 1631 1722 1664 ‚
1753 1577 2055 1649 DoHrin.
2078 1576 2366 1669 Tempor.
2390 1570 2523 1661 XI,
2557 1596 2589 1644 Ι
2613 1597 2678 1646 1.
2720 1572 2836 1646 Cl.
2861 1571 3176 1649 Pearson
3203 1632 3223 1665 ‚
3271 1580 3527 1666 Annal.

728 1674 995 1748 Paulin.
1032 1699 1200 1778 pag.
1255 1678 1298 1750 8
1341 1681 1410 1749 &
1468 1701 1560 1751 12
1588 1732 1611 1767 ,
1652 1674 2085 1777 ceterosque
2138 1673 2495 1747 sacrarum
2545 1696 2782 1745 rerum
2829 1697 3302 1752 enarratores,

836 1773 1080 1848 ORTA
1136 1797 1570 1851 stmTloNn
1627 1785 1665 1873 ]
1726 1775 1982 1850 Editio
2036 1774 2377 1879 princeps
2409 1827 2430 1862 ,
2474 1773 2642 1845 Sane
2675 1776 3085 1868 praebuerant
3121 1780 3363 1856 Judaeis
3380 1780 3526 1875 spei

729 1877 887 1948 ciem
921 1876 1301 1950 motasortd
1323 1877 1641 1973 seditione
1668 1934 1688 1961 ,
1714 1875 2048 1977 postquam
2071 1932 2094 1967 ,
2135 1874 2396 1974 cognitd
2436 1874 2598 1945 caede
2633 1878 2765 1972 ejus
2788 1928 2811 1963 ,
2834 1875 3007 1947 haud
3033 1878 3533 1977 obtemperaffet.·

729 1976 1042 2050 Manebat
1084 1999 1286 2050 metus
1310 2028 1333 2067 ,
1383 2004 1462 2051 ne
1511 1984 1651 2077 quis
1687 1983 2062 2074 Principum
2105 1976 2321 2052 eadem
2362 1978 2783 2070 imperitaret.
2824 1975 3264 2051 Puteolanus
3292 2035 3312 2068 ,
3354 1983 3535 2053 haud

733 2076 1233 2171 obtemperatum
1277 2079 1439 2177 effit.
1486 2079 1611 2152 Sed
1653 2081 1955 2152 manebat
1991 2101 2216 2153 metus.
2251 2076 2375 2150 Sed
2420 2071 2619 2147 abest
2656 2098 2698 2146 a
2734 2074 2892 2149 Mss.
2934 2077 3138 2150 Harl.
3179 2083 3247 2153 δε
3293 2079 3531 2155 Corb:

737 2176 1091 2274 reperitur
1133 2177 1215 2257 in
1265 2176 1424 2252 Mss.
1475 2177 1694 2253 Bodl.
1743 2184 1815 2253 δε
1861 2177 2001 2255 Jes.
2046 2178 2123 2250 in
2169 2175 2307 2250 Ms.
2363 2173 2505 2251 Jes.
2576 2178 3070 2269 obtemperatum
3123 2176 3232 2274 est.
3282 2175 3527 2253 Inter-

733 2296 975 2376 pretes
1001 2331 1022 2365 ,
1080 2295 1163 2350 ut
1207 2275 1382 2351 huic
1418 2275 1596 2352 loco
1648 2277 2090 2353 medicinam
2116 2277 2443 2352 facerent
2469 2331 2492 2365 ,
2543 2274 2776 2350 varias
2812 2275 2889 2346 in
2919 2273 3308 2351 sententias
3338 2279 3530 2355 abie-

731 2401 835 2451 re.
897 2374 1213 2451 Primum
1241 2432 1263 2467 ‚
1315 2375 1501 2453 duce
1542 2377 1948 2469 Rhenano,
1997 2405 2137 2480 pro
2203 2380 2369 2451 ccede
2417 2385 2555 2471 ejus
2594 2373 3076 2450 emendavere
3137 2377 3300 2450 caede
3337 2386 3480 2453 Caii
3499 2411 3535 2470 ,’

733 2476 1302 2579 repugnantibus
1351 2476 1554 2552 libris
1610 2479 1891 2579 scriptis
1938 2486 2008 2556 δε
2054 2477 2294 2555 editis.
2346 2475 2663 2557 Deinde,
2691 2472 2856 2575 post
2906 2476 3070 2548 caede
3126 2481 3277 2549 Caii
3320 2476 3530 2553 lacu-

731 2601 900 2651 nam
949 2578 1085 2651 esse
1129 2577 1417 2653 monuit
1462 2578 1737 2679 Lipsius
1763 2636 1786 2671 ,
1822 2605 2039 2682 quam
2066 2577 2440 2682 supplevit
2473 2574 2906 2653 Gronovius
2928 2631 2948 2664 ,
2982 2577 3256 2652 mutata
3306 2578 3528 2655 etiam

732 2700 985 2755 vetere
1031 2676 1381 2777 scriptura
1425 2677 1503 2751 in
1523 2680 1722 2755 hunc
1759 2680 2063 2755 modum
2091 2737 2111 2769 ,
2158 2705 2587 2781 quamquam,
2627 2675 2884 2774 cognitd
2928 2677 3090 2751 caede
3133 2682 3279 2751 Caii
3309 2739 3328 2765 ,
3371 2681 3531 2755 edic-

735 2800 802 2851 to
839 2784 972 2873 ejus
1007 2779 1180 2851 haud
1216 2778 1712 2871 obtemperatum
1747 2782 1907 2879 effer.
1940 2780 2091 2853 Alii
2121 2779 2292 2852 alias
2325 2835 2345 2867 ,
2391 2805 2530 2878 pro
2565 2775 2865 2851 arbitrio
2890 2827 2909 2860 ‚
2955 2776 3333 2879 minusque
3362 2804 3528 2878 pro-

738 2875 1016 2952 babiles
1056 2878 1503 2964 coniecturas
1560 2878 1962 2979 protulere.
2011 2882 2257 2975 Quam
2306 2880 2383 2951 in
2432 2879 2654 2953 Notis
2711 2876 3122 2977 proposui,
3190 2903 3277 2952 ea
3332 2880 3528 2955 mihi

732 2977 1027 3052 videtur
1053 3004 1218 3052 cum
1244 2976 1585 3053 codicum
1634 2979 1767 3054 scri
1827 2981 1986 3054 tura
2018 3001 2410 3082 menteque
2456 2976 2704 3053 Taciti
2742 2976 3049 3053 omnino
3084 2978 3528 3057 consentire.

736 3077 858 3153 Sic
904 3078 1100 3154 enim
1150 3077 1452 3154 Tacitus
1498 3079 1685 3154 Hist.
1825 3138 1846 3172 ,
1899 3106 1975 3178 9.
2027 3080 2254 3158 Judaei
2281 3080 2444 3180 juffi
2486 3108 2529 3153 a
2583 3086 2655 3155 C.
2700 3080 2947 3175 Caefizre
2988 3078 3261 3177 effigiem
3289 3087 3424 3179 ejus
3456 3087 3530 3155 in

734 3182 972 3274 templo
1016 3183 1267 3263 locare,
1313 3190 1500 3253 ’arma
1538 3184 1756 3276 potius
1784 3184 2157 3280 sumpsere:
2206 3207 2389 3280 quem
2428 3204 2671 3254 motum
2719 3180 2986 3274 Caesaris
3033 3205 3200 3251 mors
3243 3181 3531 3257 diremit.·

735 3279 924 3366 Haec
968 3279 1374 3356 brevissime
1417 3301 1658 3354 narrat
1693 3280 1994 3356 Tacitus
2026 3338 2047 3373 ,
2113 3281 2313 3383 quod
2345 3280 2562 3354 fufius
2610 3303 2699 3354 ea
2732 3278 2962 3353 fuerat
2994 3277 3417 3378 prosecutus
3450 3280 3532 3356 in

732 3378 935 3555 lxisbris
966 3381 1369 3456 Annalium
1402 3379 1821 3484 deperditis,
1855 3385 2016 3459 Nos
2067 3380 2564 3483 supplevimus
2600 3380 2678 3453 in
2717 3378 3217 3480 Supplement.
3254 3380 3525 3458 Annal.

733 3547 760 3560 ..
811 3481 973 3568 111,
1033 3504 1126 3579 57
1173 3488 1242 3556 &
1285 3480 1483 3583 seqq.
3524 3507 3527 3516 ⁴

834 3577 980 3651 ITA
1042 3589 1382 3672 D1v1s1s]
1421 3584 1622 3658 Bene
1649 3583 2117 3660 Puteolanus.
2150 3583 2241 3663 In
2277 3583 2613 3660 editione
2646 3579 2978 3683 principe
3005 3636 3028 3673 ,
3066 3579 3309 3680 divifit.
3344 3579 3527 3656 Mal-

733 3677 841 3756 let
880 3677 1307 3754 Gronovius
1347 3680 1592 3774 divifie.

835 3881 1052 3958 CAP.
1103 3881 1252 3959 LV.
1307 3883 1793 3960 Tnosononn
1856 3909 2068 3961 nucu
2119 3893 2158 3980 ]
2219 3885 2665 3963 Puteolanus
2714 3895 2785 3965 &
2832 3842 3329 3963 RecentioteS.
3384 3881 3527 3959 Ms.

741 3978 941 4057 Flor.
983 3986 1380 4058 Troxobore.
1417 3984 1573 4059 ΜΠ.
1617 3985 1856 4060 Varie.
1913 3989 2109 4089 1863
2172 3992 2242 4061 <Sc
2296 3990 2944 4083 1864.Arofi›bore;
2996 3985 3243 4088 postea
3285 4009 3531 4060 emen-

738 4078 994 4274 Zansup
1034 4085 1413 4180 Arosoboro.
1460 4083 1602 4160 Ms.
1644 4086 1883 4164 Vatic.
1941 4090 2170 4187 1958.
2224 4091 2634 4163 Aroxobore.
2677 4087 2770 4162 In
2824 4088 3156 4166 editione
3198 4086 3534 4190 principe

817 4206 881 4252 re
911 4210 940 4254 e
982 4208 1113 4254 oro.

834 4277 957 4356 ΕΤ
1022 4295 1433 4357 oremams
1485 4293 1526 4378 ]
1589 4285 1746 4360 ΜΠ.
1788 4295 1858 4365 &
1889 4288 2124 4367 editio
2167 4290 2532 4395 princeps,
2572 4287 2772 4368 Male
2805 4289 3291 4373 Puteolanus,
3335 4309 3433 4356 ac.
3526 4315 3531 4322 ¹

851 4481 1068 4558 CAP.
1118 4481 1310 4560 LVI.
1366 4485 1707 4558 NAvALE
1760 4512 2122 4567 ramnum
2179 4514 2678 4571 AnonNATuR
2747 4500 2785 4586 ]
2870 4484 3305 4572 Nonnulla,
3366 4506 3531 4586 <1¹1ae

741 4583 1002 4661 navale
1037 4583 1195 4659 hoc
1224 4581 1558 4683 proelium
1595 4581 1949 4662 illustrent
1981 4587 2205 4665 habet
2236 4592 2626 4669 Suetonius
2666 4589 2743 4663 in
2782 4583 3044 4661 Claud.
3097 4583 3293 4657 XXI.
3350 4586 3533 4677 Quin

741 4687 819 4758 ἓν
867 4687 1187 4785 emiffitrus
1210 4688 1516 4758 Fucinum
1545 4686 1757 4758 lacum
1786 4747 1803 4773 ,
1840 4693 2286 4762 naumachiam
2330 4696 2478 4764 ante
2536 4686 2868 4782 commisit.
2916 4683 3039 4758 Sed
3076 4685 3222 4759 ciem
3264 4687 3534 4779 procla-

738 4787 1062 4856 mantibus
1105 4788 1627 4861 Naumachiariis
1654 4841 1678 4875 ,
1724 4788 1869 4860 Ave
1916 4791 2273 4879 Imperator
2301 4841 2324 4875 ,
2376 4789 2676 4858 morituri
2723 4808 2784 4857 te
2838 4786 3143 4881 salutant
3169 4837 3190 4874 ,
3266 4783 3528 4879 respon-

734 4882 912 4980 dtjffet
942 4913 974 4955 .·
1024 4893 1240 4961 Avete
1287 4913 1403 4961 vos
1429 4917 1461 4961 .·
1505 4912 1701 4990 neque
1742 4885 1886 4987 post
1931 4888 2093 4961 banc
2131 4910 2347 4964 vacem
2376 4937 2402 4983 ,
2450 4882 2632 4985 quasi
2669 4886 2864 4964 vertici
2934 4884 3095 4957 daed
3124 4944 3144 4971 ,
3196 4886 3530 4986 quisquam

893 5051 896 5054 ·
983 5026 1199 5119 Tom.
1260 5031 1379 5128 II.
2915 5024 3158 5116 Ddd
