4975 6149
1503 460 1692 544 454·
1892 428 2340 517 NOTAE
2439 424 2614 510 ET
2713 421 3924 515 EMENDATIONES

1508 614 1584 664 ut
1613 593 1715 663 cui
1759 615 1835 661 ue
1860 584 2168 684 finitima
2186 608 2342 677 pars
2371 584 2751 682 Nipolique,
2793 582 2866 655 ὃ
2893 581 3259 681 Artstobolo
3295 607 3484 686 atque
3525 586 3841 659 Antiocho
3860 583 4297 685 parerejuffae

1493 693 1677 790 sunt.
1703 613 2221 784 §uspicabatur
2239 680 2513 782 Lipsius
2534 708 2675 784 pro
2704 709 2861 777 pars
2887 688 3234 786 Nipolique
3261 684 3654 788 legendum
3683 685 3877 762 forte
3901 687 4295 786 Thrascypo-

1512 797 1706 891 lique.
1754 782 2075 861 Felicius
2103 782 2463 859 divinavit
2495 785 2560 858 J.
2590 786 2674 857 F.
2717 785 3143 860 Gronovius
3167 789 3215 875 ,³
3225 813 3383 882 pars
3414 790 3737 862 Armenioe
3762 841 3782 874 ,
3827 810 3900 860 ut
3942 792 4164 886 cuique
4185 785 4293 884 fi-

1516 896 1748 965 nitima
1772 942 1791 973 ‚
1822 889 2246 978 Pharasmani
2273 939 2293 971 ,
2321 888 2771 982 Polemonique
2800 938 2820 972 ,
2866 886 3244 981 Aristobulo
3279 909 3468 985 atque
3515 891 3826 961 Antiocho
3856 913 4085 981 parere
4107 884 4293 984 juffae

1495 995 1680 1092 sunt.
1731 986 1919 1059 Haec
1953 984 2148 1059 enim
2180 995 2348 1058 eum
2386 982 2655 1059 veteris
2709 982 3076 1084 scripturae
3135 985 3458 1086 reliquiis
3486 1040 3509 1074 ,
3548 985 3797 1060 Taciti
3849 1005 4138 1073 mente,
4178 984 4300 1058 lo-.

1520 1113 1776 1165 corum
1804 1093 1874 1161 &
1906 1109 2144 1160 rerum
2175 1082 2307 1158 fitu
2338 1083 2441 1159 ita
2470 1081 2972 1172 concordant,
3004 1105 3088 1160 ut
3121 1083 3214 1158 de
3265 1083 3799 1160 emendationis
3840 1082 4147 1161 veritate
4197 1108 4297 1159 ne

1516 1188 1816 1265 minima
1858 1185 2156 1288 quidem
2197 1183 2453 1258 haberi
2506 1183 2725 1284 possit
2775 1182 3161 1260 dubitatio,
3201 1184 3746 1274 Pharasmanes,
3800 1184 4067 1260 Iberiae
4123 1209 4307 1274 rex,

1516 1290 2018 1366 Romanorum
2059 1284 2451 1372 studiosus,
2487 1282 2857 1358 Armeniis
2907 1282 3263 1375 infensus,
3315 1308 3400 1359 ut
3432 1285 3698 1359 dietum
3743 1285 3843 1360 est
3876 1285 4086 1385 supra
4137 1286 4298 1359 An-

1518 1389 1668 1464 nal.
1698 1386 1881 1462 XIII
1904 1443 1927 1478 ,
1962 1413 2059 1487 37
2082 1443 2104 1476 ,
2144 1382 2833 1486 Septemtrionalem
2864 1384 3234 1460 Armeniae
3274 1408 3556 1486 partem
3595 1383 3938 1460 obtinuit.
3984 1382 4292 1461 Polemo

1522 1489 1602 1564 ΙΙ
1630 1546 1653 1580 ,
1686 1513 1812 1563 rex
1837 1485 2057 1562 Ponti
2096 1484 2647 1573 Polemoniaci,
2684 1509 2727 1558 a
2749 1483 2998 1560 Dione
3020 1507 3459 1561 memoratus
3484 1485 3648 1561 libr.
3677 1485 3866 1561 LIX.
3896 1511 4062 1587 pag.
4096 1490 4248 1581 649
4273 1539 4300 1574 ‚
4338 1489 4364 1523 ⁸

1523 1588 1895 1667 Armeniae
1939 1606 2258 1688 partem,
2315 1584 2932 1685 Septemtrionem
2962 1586 3152 1662 inter
3180 1593 3250 1662 δε
3289 1587 3780 1663 Occidentem
3818 1586 4125 1688 positam
4165 1584 4305 1658 ha-

1525 1690 1713 1764 buit.
1761 1686 2122 1788 Tuncque
2167 1684 2312 1761 cufi
2357 1686 2632 1759 nummi
2667 1685 2758 1759 ab
2792 1687 3219 1777 HarduinO,
3259 1690 3507 1761 Seleaa
3560 1689 3819 1783 Opera,
3856 1713 4025 1789 pag.
4097 1685 4305 1786 636,

1525 1787 1826 1864 laudati.
1877 1809 2128 1862 ΕτοΥΣ
2163 1810 2295 1873 Kr,
2339 1784 2418 1859 id
2449 1785 2552 1860 est
2579 1813 2747 1859 anno
2788 1810 2913 1884 23.
2955 1787 3201 1887 Caput
3230 1786 3552 1864 Neronis
3591 1786 3966 1862 radiatum.
4010 1784 4097 1859 In
4131 1784 4308 1887 pos-

1530 1889 1681 1964 tica
1725 1910 1931 1987 parte
1992 1908 2376 1962 ΒΑΣΙΛΕΩΣ
2423 1907 2929 1963 ΠΟΛΕΜΩΝΟΣ
2968 1945 2989 1977 ,
3040 1910 3262 1990 caput
3322 1888 3748 1965 Polemonis
3790 1886 4303 1962 diadematum.

1527 1988 1741 2065 Alius
1769 1986 1868 2062 est
1916 1987 2235 2086 ejusdem
2258 1985 2685 2062 Polemonis
2713 2012 3046 2062 nummus
3082 2016 3249 2065 curn
3278 1991 3414 2066 aera
3440 2014 3538 2064 ΚΔ
3559 2044 3580 2077 ,
3622 1988 3697 2062 id
3742 1985 3843 2062 est
3867 2013 4062 2062 anno
4098 1984 4312 2087 vige·-

1530 2088 1708 2163 fimo
1735 2110 2028 2190 quarto.
2081 2085 2335 2162 Postea
2382 2086 2695 2163 Polemo
2753 2113 3060 2190 regnum
3106 2088 3330 2165 Ponti
3374 2089 3661 2165 Neroni
3711 2088 4098 2176 conceffit,
4131 2083 4311 2161 teste

1532 2187 1894 2263 Suetonio
1924 2188 2001 2261 in
2030 2186 2204 2262 Ner.
2235 2186 2510 2262 XVIII.
2550 2187 3024 2263 Occidentali
3050 2191 3421 2265 Armeniae
3462 2211 3666 2289 parte
3706 2188 3891 2263 aucti
3926 2189 4089 2261 sunt
4125 2184 4314 2260 Atis-

1533 2286 1867 2375 tobulus,
1916 2287 2042 2389 qui
2096 2286 2516 2360 Armeniam
2562 2288 2926 2360 minorem
2970 2292 3114 2384 jam
3173 2291 3340 2360 ante
3398 2308 3829 2385 acceperat,
3874 2308 3958 2360 ut
3999 2285 4316 2359 vidimus

1536 2389 1748 2488 supra
1773 2385 2043 2461 Annal.
2070 2384 2252 2458 XIII
2267 2441 2285 2473 ,
2307 2411 2357 2480 7
2380 2414 2408 2472 ‚-
2440 2392 2512 2460 &
2541 2384 2983 2474 Antiochus,
3010 2410 3136 2459 rex
3168 2385 3707 2488 Commagenes
3733 2440 3753 2474 ,
3786 2385 3878 2461 de
3905 2410 4057 2487 quo
4083 2384 4318 2458 multa

1535 2486 1806 2565 Annal.
1836 2486 1983 2559 XII
2010 2541 2032 2574 ,
2074 2510 2116 2581 5
2139 2507 2201 2583 5.
2231 2485 2456 2573 XIII,
2507 2512 2582 2581 7.
2614 2482 2740 2560 Ob
2772 2485 3138 2559 Armeniae
3180 2506 3459 2585 partem
3488 2484 3858 2561 Antiochi
3899 2509 4131 2585 regno
4183 2483 4321 2555 ad-

1538 2589 1766 2662 ditam
1792 2642 1812 2676 ,
1864 2584 2369 2661 Armeniacam
2416 2585 2672 2659 tiaram
2716 2584 2793 2657 in
2845 2586 2994 2683 ejus
3045 2586 3355 2660 nummis
3395 2586 3600 2661 fuiss‘e
3628 2583 4022 2683 expreffam
4052 2581 4316 2657 merito

1542 2686 1882 2764 observat
1913 2685 2031 2760 Cl.
2060 2684 2372 2760 Pellerin
2394 2740 2414 2774 ,
2448 2686 2709 2758 Recueil
2731 2685 2810 2757 de
2838 2687 3186 2759 Medailles
3221 2688 3294 2759 de
3333 2687 3535 2776 Rois,
3717 2735 3737 2755 .
3779 2688 3954 2758 126.
4002 2683 4164 2755 Jam
4184 2680 4318 2757 So-

1542 2788 1840 2890 phenen
1866 2785 2286 2885 potiebatur
2325 2783 2682 2859 Sohemus
2708 2838 2729 2872 ,
2762 2802 2846 2856 ut
2868 2783 3185 2858 vidimus
3214 2785 3495 2857 -AnnaL
3538 2710 3723 2857 §pffi
3744 2837 3765 2871 ,
3799 2809 3878 2881 7.

1655 2888 1745 2962 IN
1785 2887 2084 2960 SymAM
2130 2891 2582 2980 Ansctssrr]
2641 2882 2842 2955 Bene
2873 2880 3148 2981 Lipfius
3199 2889 3269 2958 ὃς
3305 2882 3783 2958 Recentiores
3809 2938 3834 2975 ,
3886 2880 4188 2979 abfifft.
4229 2877 4319 2959 In

1542 2986 1699 3079 ΜΠ.
1738 2990 1809 3062 &
1846 2982 2219 3062 veteribus
2268 2981 2763 3070 editionibus,
2796 2983 3065 3081 accqffit.

1654 3185 1867 3261 CAP.
1907 3184 2212 3261 XXVII.
2259 3184 2390 3261 Jth
2439 3196 2869 3283 coLoNJAE]
2916 3187 3141 3261 Anno
3190 3187 3413 3263 Urbis
3454 3170 3774 3263 conditae
3801 3207 3954 3259 DLx
3980 3239 4001 3274 ‚
4050 3183 4160 3282 jus
4192 3209 4328 3258 co-

1551 3288 1776 3362 loniae
1814 3286 2133 3361 habuisse
2165 3285 2514 3361 Puteolos
2562 3283 2850 3361 testatur
2897 3288 3155 3363 Livius
3208 3287 3562 3376 XXXIV,
3601 3310 3731 3387 45.
3770 3285 3963 3360 Vide
3998 3291 4068 3360 &
4097 3287 4332 3383 Capa-

1549 3389 1746 3463 cium
1770 3442 1790 3475 ,
1833 3384 2018 3461 Hist.
2045 3385 2426 3487 Neapolit.
2452 3411 2621 3485 pag.
2655 3410 2748 3480 71
2773 3411 2811 3486 5
2854 3393 2925 3463 &
2955 3393 3140 3483 716.
3173 3390 3281 3463 At
3317 3388 3487 3463 cum
3536 3384 3855 3462 coloniae
3900 3384 3977 3457 in
4010 3384 4335 3457 munici-

1553 3486 1661 3586 pii
1696 3486 1949 3560 statum
1983 3487 2381 3587 aliquando
2431 3485 2589 3560 redi
2646 3508 2933 3560 erentur
2953 3544 2975 3577 ,
3006 3508 3090 3560 ut
3110 3489 3505 3587 accipimus
3532 3513 3622 3563 ex
3652 3485 3903 3561 Gellio
3932 3481 4153 3573 XVI,
4190 3508 4220 3557 1
4243 3510 4279 3583 3
4302 3516 4337 3573 ·,

1543 3585 1634 3663 id
1661 3586 1944 3685 experti
1973 3586 2317 3661 videntur
2360 3513 2676 3662 Puteoii.
2706 3585 2978 3662 Iterum
3027 3586 3224 3662 enim
3273 3587 3650 3663 coloniam
3703 3583 4005 3660 deduxit
4037 3581 4335 3685 Auguss-

1553 3707 1668 3759 tus
1690 3742 1710 3775 ‚
1789 3710 1903 3760 uae
1932 3687 2180 3758 colonia
2209 3686 2504 3783 Augusta
2543 3686 2913 3784 appellata
2954 3686 3055 3762 est
3076 3743 3097 3775 ,
3125 3687 3461 3763 Frontin.
3496 3689 3588 3762 de
3611 3686 3951 3762 coloniis.
3985 3683 4330 3772 Novum,

1559 3806 1687 3859 aut
1772 3784 1932 3859 orte
1985 3784 2290 3886 amplius
2328 3784 2650 3861 coloniae
2694 3788 2806 3885 jus
2869 3793 2938 3861 &
2993 3811 3574 3886 cognomentum
3607 3814 3649 3863 a
3689 3786 3994 3862 Nerone
4046 3784 4331 3858 demum

1561 3885 2097 3984 adipiscuntur3
2127 3887 2227 3959 ita
2284 3905 2366 3960 ut
2401 3883 2640 3987 primo
2689 3890 2994 3976 Puteoli,
3029 3892 3281 3965 colonia
3308 3894 3715 3964 Dicaearchia
3739 3890 3899 3963 diat
3933 3884 4100 3974 fint,
4140 3880 4329 3957 Plin.

1559 3984 1725 4070 ΙΙΙ,
1774 3985 1936 4059 sest.
1974 4010 2074 4082 9:
2124 3985 2391 4061 deinde
2445 3989 2697 4060 colonia
2746 3987 3047 4089 Augusta
3073 4019 3102 4061 .·
3149 4016 3237 4065 ac
3287 3989 3602 4092 denique
3647 3993 3897 4065 colonia
3939 3989 4337 4060 Neroniana.

1560 4082 1684 4157 Sic
1721 4084 1796 4156 in
1840 4084 2146 4159 nummis
2204 4111 2380 4164 cor..
2417 4112 2490 4161 A.
2542 4112 2616 4162 A.
2664 4111 3035 4164 Plu-nnus.
3095 4093 3359 4164 Colonia
3412 4091 3711 4188 Augusta
3758 4099 3934 4165 Aroe
3976 4081 4337 4181 Patrensis,

1620 4181 1817 4258 ostea
1851 4184 2036 4258 dicta
2061 4186 2161 4260 est
2189 4212 2365 4263 cor..
2407 4213 2587 4264 NER.
2620 4211 2951 4265 PATREN.
2999 4190 3270 4264 Colonia
3311 4196 3688 4264 Neroniana
3720 4187 4063 4289 Patrensis.
4104 4179 4343 4259 Inuti-

1547 4209 1652 4361 iis
1681 4309 1859 4387 ergo
1897 4283 2138 4387 Pighii
2186 4288 2606 4364 emendatio
2631 4351 2649 4377 ‚
2681 4292 2937 4363 Puteoli
2984 4315 3221 4360 novum
3253 4296 3367 4390 jus
3392 4293 3677 4366 coloniae.

1668 4386 2084 4463 VETERANI
2125 4398 2161 4484 ]
2216 4390 2565 4465 Veterani
2594 4389 2747 4479 illi,
2800 4415 2995 4486 neque
3046 4396 3363 4491 conjugiis
3391 4392 3853 4489 suftipiendis,
3909 4414 4103 4485 neque
4133 4388 4349 4458 liberis

1566 4489 1814 4560 alendis
1823 4489 1995 4584 ficeti
2026 4545 2044 4576 ,
2075 4488 2339 4564 milites
2391 4516 2484 4565 ex
2526 4489 2761 4566 veteri
2805 4487 2937 4564 usu
2976 4489 3268 4566 caelibes
3328 4492 3569 4568 adhue
3610 4490 3814 4565 fuiss'e
3867 4488 4207 4587 probant.
4244 4480 4348 4554 Iis

1568 4586 1866 4687 quidem
1895 4643 1916 4677 ,
1962 4588 2247 4692 aliquot
2283 4591 2450 4664 ante
2502 4591 2706 4664 annis
2733 4645 2753 4681 ‚
2798 4589 3189 4681 Claudius,
3233 4600 3386 4694 quia
3431 4621 3514 4666 ex
3545 4594 3788 4690 legibus
3838 4613 4067 4660 uxores
4113 4584 4347 4656 habere

1567 4711 1694 4759 non
1718 4711 2064 4782 poterant,
2118 4695 2499 4763 maritorum
2530 4697 2693 4789 jura
2734 4692 3149 4791 concefferat3
3186 4706 3313 4776 τοῖς
3357 4731 3422 4768 τε
3463 4699 3889 4794 quamn-drot:
3916 4742 3938 4772 ,
3974 4688 4184 4759 {meh}
4233 4715 4352 4771 ‘pv-

1567 4797 1784 4867 anoee
1835 4795 1913 4861 ἐκ.
1944 4796 2201 4869 {Masta
2245 4799 2310 4864 ’ἐκ
2370 4828 2439 4881 7⁸
2475 4797 2592 4865 ‘ri-”v
2633 4797 2820 4882 νόμων
2867 4798 3026 4886 ’ἔχειν
3051 4853 3071 4883 ,
3140 4798 3225 4868 τοὶ
3290 4802 3408 4869 τῶν
3448 4798 3885 4885 γεγαμηκότων
3937 4782 4352 4873 δικαιώματα,

1569 4887 1748 4958 ἵδωκ·
1775 4939 1797 4968 ‚
1847 4886 2001 4961 Dio
2017 4942 2041 4981 ,
2075 4888 2227 4965 LX.
2283 4915 2452 4995 pag.
2496 4893 2674 4969 681.
2729 4890 3007 4968 Primus
3047 4895 3401 4985 Severus,
3445 4916 3526 4969 ut
3574 4886 3927 4985 militibus
3958 4941 3982 4978 ‚
4038 4905 4352 4986 quorum
