4975 6149
911 419 1083 510 AD
1134 412 1591 508 LIBRUM
1634 416 1791 501 xl.
1848 411 2134 501 ANN.
2189 420 2286 503 c,
2339 402 2703 511 CORN.
2756 421 3177 513 TACITI.
3263 459 3370 538 35
3385 464 3441 534 9

665 579 985 674 Principis
1034 567 1460 661 exultaver03
1503 570 1600 646 fic
1630 575 1701 646 &
1750 568 1986 645 editio
2025 572 2386 673 princeps,
2424 574 2577 648 Alii
2623 578 2775 651 dum
2828 581 3148 679 industria
3193 585 3458 659 cubicu-

666 682 805 752 lum
847 672 1168 773 Principis
1207 677 1441 749 occulit
1485 674 1851 760 adulteros,
1907 690 1990 745 ut
2031 677 2102 746 δι
2155 672 2622 748 Puteolanus.
2671 676 2763 749 In
2818 678 2959 755 Ms.
2997 681 3217 758 Bodl.
3283 683 3455 762 cum

667 778 1014 879 scriptum
1070 776 1284 867 effet,
1334 775 1487 848 dum
1540 768 1895 869 industruo.
1954 772 2323 847 Librarius
2363 797 2515 847 mar
2568 773 2673 845 ini
2721 775 3037 874 adjecit,
3092 784 3244 855 dum
3277 790 3458 858 intus*

668 881 884 974 clausi>
931 879 1217 952 cubiculo
1251 877 1596 969 Principis.
1635 869 1960 947 Felicior
2016 871 2186 947 sane
2241 799 2660 947 Franciigcus
2705 870 3064 970 Medicis,
3109 882 3235 984 qui
3285 881 3460 960 cum

672 978 755 1053 in
780 977 917 1053 Ms.
948 977 1004 1053 F
1009 978 1146 1051 lor.
1174 976 1456 1079 legeret
1487 976 1640 1047 dum
1665 970 1883 1071 histrio
1917 1026 1936 1046 .
1986 1027 2005 1047 .
2051 1023 2070 1045 .
2119 976 2502 1047 exultavero
2526 1029 2547 1063 ,
2580 974 2840 1050 melius
2862 975 3260 1067 divinavit,
3300 980 3466 1056 duni

680 1078 903 1176 histrio
934 1081 1295 1152 cubiculum
1322 1080 1640 1171 Principis
1658 1073 2138 1169 persultaverit.
2166 1071 2399 1169 Quod
2447 1072 2768 1149 Pichcna
2801 1080 3170 1182 ceterique
3202 1105 3456 1158 recen-

682 1177 909 1252 tiores
936 1203 1306 1278 recepere.
1367 1175 1512 1251 Pro
1547 1174 2007 1270 persultaverit
2048 1172 2379 1247 tentabat
2411 1172 2530 1247 Cl.
2575 1173 2982 1251 Chiffletius
3034 1182 3326 1275 insultat.
3379 1182 3462 1257 Sis

677 1278 1143 1451 giutandum,
1193 1275 1487 1352 mallem
1528 1276 1961 1372 infitltaverit.
2011 1272 2112 1346 At
2152 1273 2357 1373 aequc
2384 1272 2792 1372 probabilis
2820 1276 3166 1354 Medicea
3210 1303 3456 1357 emen-

731 1398 910 1452 atio.

785 1475 943 1551 Sr-:n
992 1481 1453 1567 axcmrtm]
1506 1472 1596 1547 In
1633 1472 1774 1548 Ms.
1831 1472 2035 1547 Flor.
2074 1472 2200 1545 Sed
2245 1472 2320 1545 Εσ·
2351 1472 2657 1568 fiidium.
2704 1473 2929 1550 Unde
2975 1475 3293 1552 Pichena
3337 1481 3470 1578 sed

684 1568 1038 1671 discidium.
1087 1574 1353 1648 Melius
1389 1572 1614 1648 ceteri
1646 1575 1766 1667 sed
1792 1572 2138 1648 excidium.

788 1676 884 1747 V1
946 1688 1234 1749 MssN‘rls
1274 1681 1311 1767 ]
1360 1672 1475 1748 Ita
1514 1671 1675 1747 Mff.
1716 1671 1914 1747 Male
1968 1668 2411 1745 Puteolanus
2438 1671 2743 1769 juventii.
2796 1673 3022 1775 Supra
3076 1674 3154 1748 in
3200 1675 3464 1775 pletis*

679 1798 824 1877 que
878 1772 1035 1850 Mss.
1067 1774 1381 1872 dignitate
1412 1774 1662 1871 forma.
1687 1772 1892 1853 Bene
1925 1769 2198 1870 Lipsius
2232 1775 2303 1845 &
2345 1768 2826 1848 Recentiores
2856 1777 3175 1875 dignitate
3185 1778 3449 1873 formae.

792 1972 1008 2047 CAP.
1051 1971 1282 2047 XXX.
1332 1976 1580 2069 Quoi>
1611 1994 1686 2045 1-:1
1729 1918 2006 2048 Trnos
2039 1921 2441 2063 vacuos]
2467 1966 2674 2042 Nihil
2703 1966 2782 2040 in
2800 1965 3047 2042 Taciti
3077 1969 3280 2045 libris
3312 1971 3454 2049 hac

685 2073 1027 2148 oratione
1075 2073 1503 2173 corruptius.
1556 2071 1717 2146 Mff.
1766 2072 2005 2147 Vatic.
2054 2074 2247 2166 1863
2292 2074 2363 2143 &
2403 2071 2644 2162 1864,
2674 2067 2810 2142 Ms.
2859 2066 3055 2173 Fior.
3098 2076 3169 2144 δε
3217 2071 3454 2148 editio

568 2256 571 2259 Α
682 2170 1048 2272 Princeps,
1083 2174 1271 2263 Quod
1304 2179 1448 2245 eicis
1475 2174 1742 2245 Vefflcis
1778 2174 2044 2245 Plancio
2075 2168 2599 2267 diffimulamffit.
2639 2165 2778 2240 ΜΓ.
2816 2165 3033 2240 Bodl.
3081 2174 3152 2243 &
3185 2168 3457 2246 Puteo-

686 2270 929 2360 lanus,
977 2272 1166 2363 Quod
1197 2278 1255 2344 ei
1286 2278 1374 2344 cis
1426 2274 1715 2345 Vedium
1743 2273 2084 2345 Plancium
2132 2269 2659 2367 diffimulaviffit.
2715 2263 2869 2341 Mss.
2923 2266 3161 2343 VatiC.
3223 2276 3450 2367 1958.
3593 2347 3597 2352 ,

681 2369 893 2445 Harl.
938 2376 1006 2444 &
1035 2368 1173 2444 Jes.
1216 2378 1304 2445 cis
1338 2376 1629 2445 Vestiam
1666 2373 2034 2445 Plautium.
2062 2369 2205 2444 Ms.
2246 2368 2421 2470 Agr.
2471 2367 2664 2459 Quod
2701 2369 2946 2454 Cicios‚
2985 2372 3228 2441 VeHios
3257 2372 3459 2443 Plau-

682 2475 830 2545 tios.
882 2469 1104 2544 Certe
1136 2469 1667 2545 emendandum
1712 2473 2004 2561 Vestios,
2051 2472 2372 2542 Plautios.
2412 2465 2534 2540 Sic
2584 2461 2771 2540 infra
2828 2463 3131 2542 Tacitus
3178 2468 3473 2548 Annal.·

679 2569 872 2659 XII,
910 2576 1034 2646 60.
1080 2573 1325 2644 Matios
1360 2571 1622 2669 posthac
1657 2572 1734 2645 ἔπ’
1764 2572 1990 2647 Vedios
2042 2571 2118 2644 er
2144 2593 2353 2659 cetera
2388 2571 2671 2667 equitum
2715 2566 3154 2639 Romanorum
3192 2595 3460 2663 praeva-

685 2670 825 2741 lida
867 2678 1127 2741 nomina
1171 2671 1406 2766 referre
1436 2673 1599 2743 nihil
1640 2675 2002 2746 attinuerit.
2058 2674 2263 2743 Cicios
2301 2686 2545 2741 autem
2569 2722 2591 2755 ‚
2631 2684 2757 2738 aut
2798 2669 3048 2738 Cincios
3070 2721 3093 2756 ,
3127 2685 3210 2739 ut
3264 2667 3461 2744 divi-

683 2766 910 2841 nabat
958 2766 1338 2859 Heinsius,
1399 2767 1676 2843 nemini
1709 2792 1932 2843 notos
1957 2825 1979 2858 ‚
2022 2767 2229 2842 sanus
2265 2766 2569 2880 quisque
2611 2762 3050 2839 amandabit.
3101 2765 3464 2843 Haefitan..

687 2865 861 2940 dum
924 2864 1291 2942 dumtaxat
1351 2869 1549 2941 Titios
1592 2867 1782 2942 inter
1827 2890 1952 2942 aut
1982 2870 2261 2956 Suilios,
2301 2867 2587 2943 Titium
2617 2889 2885 2963 nempe
2917 2864 3305 2939 Proculum
3332 2890 3461 2944 aut

686 2964 994 3039 Suilium
1022 2966 1489 3041 Caesoninum
1511 3021 1531 3053 ‚
1558 2966 1953 3042 Messalinae
1986 2966 2418 3042 libidinibus
2437 2963 2753 3040 famosos
2773 3019 2795 3053 ,
2844 2961 2936 3037 de
2972 2964 3231 3065 quibus
3269 2965 3486 3042 infra,

689 3090 852 3165 cap.
872 3063 1140 3142 XXXV
1161 3072 1232 3142 &
1258 3065 1594 3141 XXXVI.
1636 3069 1838 3141 Titios·
1861 3125 1883 3158 ‚
1928 3067 2130 3170 quod
2160 3066 2253 3142 ad
2277 3065 2621 3142 codicum
2644 3062 3063 3162 scripturam
3091 3090 3207 3138 ma
3261 3066 3316 3140 is
3346 3092 3459 3141 ac-

686 3166 1017 3256 cederet,
1071 3166 1395 3241 antetuli.
1433 3166 1555 3242 De
1597 3171 1833 3242 Vediis
1875 3169 2053 3244 ver'o
2092 3174 2163 3243 δε
2201 3170 2484 3241 Plautiis
2519 3165 2691 3241 vide
2716 3163 2899 3238 infra
2927 3188 3085 3264 cap.
3117 3164 3181 3236 X
3259 3166 3357 3240 XI
3385 3172 3459 3242 δε

682 3264 1021 3340 XXXVI.
1045 3265 1302 3342 Postea
1327 3266 1526 3342 edidi
1560 3293 1670 3342 nec
1717 3293 1884 3341 nunc
1910 3270 2072 3342 Silio
2098 3269 2425 3342 adulteria
2460 3268 2872 3365 objeblurum.
2907 3265 3094 3339 Haec
3128 3264 3322 3339 enirn
3341 3264 3459 3338 Si-

681 3362 864 3439 lium
888 3363 1207 3464 spectant
1230 3424 1251 3457 ,
1285 3393 1440 3442 non
1468 3368 1650 3443 vero
1678 3367 2127 3443 Mess'alinam
2145 3424 2166 3457 ,
2194 3389 2277 3443 ut
2307 3367 2569 3470 vulgus
2592 3365 3066 3463 interpretum
3086 3363 3460 3443 ‚existima-

685 3464 836 3536 vit:
871 3486 999 3538 eos
1037 3465 1329 3565 decepit
1373 3468 1815 3543 Puteolanus
1828 3525 1851 3559 ,
1900 3467 2028 3572 qui
2062 3468 2300 3546 edIdit
2334 3485 2445 3543 nec
2483 3494 2649 3540 nunc
2691 3467 3013 3539 adulteria
3048 3469 3472 3566 objeffurum.

689 3559 955 3636 Deeffe
1010 3589 1278 3638 vocem
1334 3590 1554 3639 unam
1598 3590 1857 3643 monet
1907 3567 2143 3643 editio
2185 3570 2572 3668 princepS‚
2625 3565 2895 3641 vitiosa
2934 3563 3154 3656 licet,
3209 3564 3288 3638 in
3318 3566 3464 3667 qua.

690 3683 801 3734 nec
828 3688 951 3733 non
975 3661 1183 3760 simul
1223 3663 1548 3735 adulteria
1596 3670 1971 3763 objecturus.
2013 3665 2384 3766 Corrupta
2422 3667 2592 3740 sane
2630 3692 2782 3742 vox
2809 3666 3054 3765 simul,
3106 3665 3226 3740 cui
3295 3667 3461 3739 Silio

688 3760 1258 3836 substituendum
1304 3759 1565 3836 clamat
1590 3761 1744 3861 ipsa
1783 3766 2215 3839 narrationis
2261 3765 2501 3839 series.
2563 3768 2847 3837 Domum
2879 3785 3159 3856 autem,
3184 3767 3465 3864 servitia

686 3863 766 3935 Θ
813 3886 1043 3935 ceteros
1085 3861 1574 3962 imperatoriae
1601 3864 1895 3961 fortunae
1939 3886 2215 3958 paratus
2279 3863 2535 3938 Silium
2585 3887 2627 3936 a
2689 3864 3065 3939 Messalina
3112 3864 3466 3979 accepiss'e

697 3960 978 4035 dicetur
1013 3961 1196 4036 infra
1240 3988 1400 4062 cap.
1449 3963 1754 4038 XXXV.
1788 3961 2108 4038 Demum
2134 3983 2219 4038 ut
2268 3964 2439 4038 sana
2509 3962 2706 4038 foret
2767 3964 3044 4065 reliqua
3106 3963 3469 4040 orationis

692 4085 856 4158 pars
898 4114 921 4148 ,
972 4061 1266 4163 vulgata
1339 4062 1577 4138 adhuc
1637 4063 1800 4139 haec
1878 4064 2083 4140 fuere
2147 4063 2644 4154 emendanda,
2705 4066 3048 4138 Frueretur
3079 4069 3276 4139 immo
3317 4070 3398 4135 iis
3443 4117 3470 4151 ,

689 4161 771 4232 ἐπ’
820 4158 1097 4230 redderet
1150 4189 1449 4249 uxorem,
1509 4190 1672 4277 quae
1731 4164 2176 4241 Puteolanus
2250 4164 2555 4241 invexit.
2596 4163 2684 4237 ln
2746 4162 3084 4239 editione
3134 4162 3470 4262 principe

695 4262 765 4334 ὅ(
790 4255 1151 4357 plerisque
1194 4257 1348 4330 Mss.
1381 4259 1584 4334 libris
1633 4268 1978 4339 Frueretur
2008 4272 2201 4339 immo
2229 4268 2304 4341 &⁹
2331 4270 2427 4338 his
2459 4267 2768 4340 redderet.
2809 4257 3083 4334 Melius
3118 4262 3254 4333 Ms.
3285 4256 3470 4368 Reg.

691 4358 773 4432 ὃ·
804 4363 858 4430 is
894 4355 1194 4429 redderet.
1223 4355 1416 4429 Nam
1453 4358 1623 4430 cum
1667 4359 1941 4434 librarii
1977 4365 2169 4462 saepe
2213 4368 2290 4438 Cr·
2329 4388 2549 4466 atque
2582 4388 2654 4436 at
2687 4352 3150 4433 confitndant
3174 4411 3196 4444 ‚
3239 4378 3480 4428 mani-

692 4455 947 4531 festum
976 4454 1076 4530 est
1098 4511 1121 4546 ,
1163 4475 1248 4528 ut
1295 4455 1652 4531 orationis
1699 4460 2072 4533 conclufio
2121 4463 2195 4533 di
2250 4488 2343 4535 na
2381 4465 2463 4535 fit
2504 4457 2774 4534 Tacito
2799 4507 2821 4541 ‚
2871 4452 3421 4527 emendandum
3455 4507 3484 4541 ‚

694 4559 1043 4631 Frueretur
1075 4562 1292 4630 immo.
1339 4557 1436 4630 At
1490 4561 1547 4628 is
1581 4554 1867 4626 redderet
1895 4581 2181 4629 uxorem.
2297 4584 2404 4631 aec
2441 4564 2583 4654 jam
2624 4549 2964 4650 longiora
3003 4546 3182 4625 sunt
3205 4608 3228 4642 ,
3264 4551 3496 4654 quam·

691 4676 804 4744 ut,
826 4681 987 4756 quae
1012 4654 1136 4731 alii
1168 4654 1477 4732 obscure
1504 4651 1788 4728 falsove
1817 4654 2288 4727 commentati
2322 4655 2491 4738 smt,
2533 4654 2678 4721 huc
2719 4668 3155 4744 congeram.

792 4754 1195 4832 FORTUNAE
1254 4778 1611 4833 PARATUS
1656 4760 1695 4847 ]
1751 4749 1865 4823 Ita
1913 4748 2146 4824 editio
2200 4749 2565 4851 princePS.
2607 4743 2746 4819 Ms.
2797 4742 3008 4820 Harl.
3059 4746 3302 4828 Bodl.
3344 4745 3490 4826 Jes.

699 4851 953 4930 Guelf·
995 4861 1065 4932 δε
1102 4855 1547 4934 Puteolanus
1564 4908 1590 4945 ,
1640 4871 2015 4949 apparatus.
3493 4884 3500 4888 ·
