4975 6149
1522 466 1701 543 ιη
1980 427 3840 518 o.coRNEL11TAc1T1

1649 597 1914 683 XIX.
1982 600 2051 682 F
2068 622 2321 682 oRTE
2359 593 2520 681 illis
2558 594 2837 680 diebus
2876 595 3405 710 Campaniam
3444 597 3842 710 petiverat
3880 592 4145 680 Caesar
4165 656 4194 701 ,
4227 586 4315 685 8(

1243 707 1476 868 *3320
1521 730 1821 814 Cumas
1854 724 2101 836 usque
2134 736 2156 770 ¹
2189 723 2635 839 progressus
2659 724 3086 808 Petronius
3128 721 3303 809 illic
3355 721 3870 808 attinebatur.
3902 726 4094 808 Nec
4123 723 4315 811 tulit

1290 898 1339 948 J.
1363 837 1437 951 cs
1520 853 1731 942 ultra
1770 855 2080 938 timoris
2119 880 2256 937 aut
2303 852 2469 967 spei
2512 880 2820 935 moras:
2872 880 3132 962 neque
3169 878 3441 935 tamen
3485 879 3837 965 praeceps
3874 853 4127 935 vitam
4166 883 4311 939 ex-

1302 989 1411 1051 66.
1524 980 1737 1100 pulit
1760 1041 1788 1085 ,
1825 980 1960 1065 sed
1997 979 2285 1067 incisas
2310 1009 2599 1083 venas,
2624 1006 2716 1062 ut
2751 975 3076 1061 libitum
3115 974 3511 1090 obligatas
3537 1037 3564 1080 ‚
3603 978 3911 1090 aperire
3946 980 4255 1064 rursum
4273 1003 4308 1086 ,'

1522 1122 1609 1196 &
1650 1106 1983 1220 adloqui
2020 1111 2323 1193 amicos
2358 1165 2386 1209 ,
2426 1137 2593 1189 non
2634 1134 2775 1220 per
2814 1104 3013 1188 seria
3041 1163 3068 1208 ‚
3124 1131 3260 1189 aut
3298 1103 3584 1217 quibus
3625 1106 4084 1189 constantia:
4118 1106 4306 1220 glo·
4416 1134 4465 1215 5

1521 1241 1724 1323 riam
1768 1261 2106 1353 peteret.
2147 1230 2713 1342 Audiebatque
2760 1231 3197 1317 referentes
3227 1291 3256 1336 ,
3306 1228 3515 1316 nihil
3554 1232 3653 1316 de
3697 1232 4309 1320 immortalitate
4396 1283 4399 1285 Δ

1524 1362 1861 1468 animae,
1900 1372 1984 1446 ὅ(
2030 1363 2511 1478 sapientium
2550 1357 2868 1473 placitis
2896 1419 2925 1464 ,
2964 1360 3097 1444 sed
3176 1356 3391 1444 levia
3438 1361 3793 1445 carmina
3823 1418 3849 1463 ,
3900 1369 3984 1445 ὅ(
4022 1360 4307 1447 faciles

1526 1493 1826 1577 versus.
1849 1493 2287 1574 Servorum
2311 1485 2512 1571 alios
2539 1485 2973 1598 largitione
2997 1547 3026 1592 ,
3076 1486 3463 1599 quosdam
3486 1484 3952 1574 verberibus
3981 1488 4308 1574 adfecit.

1524 1620 1724 1702 Iniit
1773 1624 1857 1701 ὅ(
1929 1619 2098 1700 vias
2138 1675 2167 1720 ,
2228 1616 2515 1699 somno
2560 1609 2885 1697 indulsit
2912 1673 2941 1718 ,
2982 1640 3123 1718 ut,
3175 1643 3657 1727 quamquam
3701 1617 3977 1701 coafila
4013 1646 4230 1701 mors
4273 1637 4308 1720 ,'

1521 1744 1874 1830 fortuitae
1927 1739 2201 1826 similis
2266 1742 2483 1825 esset.
2531 1744 2668 1825 Ne
2730 1739 3139 1825 codicillis
3201 1743 3529 1852 quidem
3581 1749 3607 1846 (
3666 1742 3886 1853 quod
3941 1739 4304 1856 plerique
4370 1761 4466 1824 10

1520 1873 2035 1988 pereuntium
2072 1874 2099 1972 )
2152 1872 2578 1955 Neronem
2614 1894 2751 1954 aut
2796 1866 3355 1981 Tigellinum,
3404 1895 3540 1955 aut
3588 1899 3829 1980 quem
3866 1865 4115 1952 alium
4153 1899 4304 1984 po·-

1520 1992 1871 2083 tent'ium
1917 1995 2281 2081 adulatus
2319 1997 2429 2079 est
2466 2032 2483 2078 ε
2540 1995 2678 2090 sed
2728 1994 3035 2108 flagitia
3076 1997 3474 2112 Principis
3523 2005 3600 2100 ²,
3641 1995 3781 2078 sub
3838 1994 4305 2081 nominibus

1524 2121 2038 2209 exoletorum
2062 2183 2090 2229 ,
2114 2122 2756 2232 feminarumque
2783 2180 2814 2226 ,
2847 2131 2931 2205 ὃ(
2970 2125 3335 2207 novitate
3370 2118 3755 2235 cujusque
3783 2124 4072 2236 stupri,
4098 2122 4308 2239 perss

1525 2252 1841 2362 cripsit,
1887 2278 2124 2360 atque
2179 2248 2587 2360 obsignata
2633 2249 2841 2329 misit
2879 2249 3248 2331 Neroni:
3298 2246 3700 2358 fregitque
3755 2245 4088 2331 anulum
4118 2309 4147 2357 ‚
4200 2278 4303 2332 ne

1525 2404 1728 2461 mox
1760 2375 1939 2458 usui
1976 2374 2169 2490 esset
2196 2374 2297 2457 ad
2331 2373 2704 2458 facienda
2748 2371 3110 2489 pericula
3145 2382 3204 2454 ³.
4370 2398 4398 2453 ι
4417 2393 4462 2479 5

1648 2501 1860 2585 XX.
1925 2502 2503 2583 AMBIGENTI
2568 2502 2892 2585 Neroni
2930 2527 3285 2612 quonam
3318 2497 3567 2583 modo
3598 2498 3956 2583 noEtium
3989 2499 4306 2583 suatum

1521 2629 1851 2742 ingenia
1877 2626 2428 2732 notescerent,
2469 2627 2804 2712 offertur
2832 2626 3076 2731 Silia,
3119 2629 3640 2711 matrimonio
3672 2626 4061 2715 senatoris
4090 2626 4309 2711 haud

1521 2760 1806 2869 ignota
1831 2816 1858 2858 ,
1905 2763 1987 2839 δε
2024 2755 2166 2870 ipsi
2212 2753 2314 2838 ad
2354 2783 2684 2839 omnem
2726 2750 3152 2839 libidinem
3188 2752 3492 2836 adscita
3516 2811 3546 2855 ‚
3586 2782 3681 2836 ac
3719 2754 4105 2837 Petronio
4133 2782 4304 2868 per-

1521 2880 1762 2994 quam
1798 2877 2250 2966 familiaris:
2301 2884 2567 2994 agitur
2600 2884 2687 2963 in
2724 2877 3131 2984 exsilium,
3158 2904 3567 2991 tamquam
3596 2910 3765 2964 non
3789 2876 4108 2963 filuiffet
4132 2908 4305 2988 quae

1521 3008 1835 3094 viderat
1878 3004 2471 3125 pertuleratque
2504 3065 2535 3113 ,
2590 3010 2921 3124 proprio
2985 3007 3179 3094 odio
3236 3016 3301 3092 4.
3350 3008 3465 3090 At
3511 3009 3997 3121 Numicium
4043 3007 4306 3091 Ther·
4358 3024 4474 3087 20

1522 3164 1749 3219 mum
1778 3194 1806 3240 ,
1844 3132 2178 3251 praeturfi
2209 3136 2569 3218 funaum
2604 3195 2632 3239 ,
2695 3132 3092 3247 Tigellini
3128 3130 3658 3219 simultatibus
3712 3133 4019 3219 dedidit
4045 3194 4072 3236 ,
4116 3136 4305 3244 quia

1446 3269 1457 3286 '
1519 3261 1857 3348 libertus
1906 3263 2247 3347 Thermi
2287 3262 2647 3374 quaedam
2696 3260 2799 3347 de
2844 3258 3269 3374 Tigellino
3336 3261 3769 3346 criminose
3830 3258 4229 3345 detulerat
4269 3318 4305 3366 ,

1520 3421 1693 3503 quae
1730 3388 2217 3475 cruciatibus
2252 3414 2847 3475 tormentorum
2896 3391 3064 3504 ipse
3088 3447 3117 3495 ‚
3168 3413 3549 3503 patronus
3579 3383 3749 3495 ejus
3780 3415 3985 3471 nece
4009 3388 4312 3470 imme-

1524 3513 1677 3602 rita
1728 3512 1990 3600 lueret
2022 3525 2084 3600 5.

1650 3642 1909 3727 XXI.
1974 3643 2617 3728 TaucmAms
2684 3669 2813 3729 tot
2856 3641 3292 3757 insignibus
3345 3641 3536 3728 viris
3572 3698 3600 3748 ,
3661 3640 3763 3726 ad
3815 3639 4304 3756 postremum
4360 3667 4408 3720 2
4425 3658 4471 3745 ς

1521 3773 1759 3858 Nero
1796 3771 2178 3854 virtutem
2205 3768 2514 3885 ipsam⁶
2541 3769 3011 3858 exscindere
3041 3773 3523 3889 concupivit
3545 3829 3574 3877 ,
3603 3768 4028 3854 interfeEto
4051 3769 4305 3853 Thra-

1606 4034 1626 4065 ¹
1676 4027 1902 4087 Cumas
1952 4046 2153 4099 usqua
2197 4025 2229 4100 ]
2278 4025 2492 4090 Hodie
2533 4035 2751 4102 Cuma,
2802 4025 2870 4090 in
2946 4026 3268 4097 referunt,
3298 4034 3371 4083 ut
3414 4020 3754 4085 observant
3778 4019 3903 4083 viri
3943 4023 4195 4087 eruditi.

1525 4100 1900 4183 Campania.
1924 4103 2088 4169 Vide
2131 4105 2331 4167 Notas
2368 4101 2871 4171 &Emendatio-
3027 4114 3049 4157 3
3099 4105 3198 4163 Ao
3230 4120 3542 4162 nemum
3578 4105 3947 4178 ramenta]
3984 4104 4084 4166 Ne
4123 4106 4300 4167 Nero

1523 4201 1635 4246 nes
1675 4182 1754 4243 ad
1777 4182 2005 4245 Annal.
2044 4184 2224 4259 XVI,
2274 4203 2370 4257 19.
2945 4177 3380 4271 Tigellinusve
3414 4198 3494 4240 eo
3549 4192 3874 4242 uterentur
3909 4180 3989 4243 ad
4036 4182 4304 4246 creanda

1599 4268 1629 4300 ²
1670 4262 1988 4324 FtAcrrm
2039 4264 2359 4324 Panaenus
2411 4262 2443 4337 ]
2503 4260 2870 4325 Petronium
2945 4258 3083 4326 aliis
3161 4255 3416 4320 ericula.

1521 4337 1653 4403 haec
1683 4339 1984 4421 Principis
2010 4339 2245 4422 flagitia
2277 4339 2343 4401 in
2366 4338 2534 4403 libro
2558 4387 2577 4416 ,
2607 4340 2710 4404 cui
2741 4361 2869 4404 no·
3025 4345 3056 4387 4
3153 4359 3250 4400 no
3272 4359 3303 4399 ι’
3325 4359 3366 4398 R
3389 4359 3409 4398 1
3430 4359 3469 4401 o
3528 4361 3568 4402 o
3589 4361 3629 4401 n
3650 4361 3670 4400 1
3688 4362 3728 4402 o
3755 4343 3788 4418 ]
3828 4337 4302 4403 Verisimillima

1520 4439 1671 4480 men
1706 4419 1789 4482 est
1814 4418 2110 4502 Satyricon
2132 4468 2152 4497 ‚
2179 4416 2571 4500 perscripsisse
2618 4419 2870 4499 plurimi
2947 4414 3363 4481 Freinshemii
3407 4418 3767 4496 conjectura
3794 4419 4255 4482 emendandum
4273 4461 4297 4491 ‚

1519 4496 1864 4577 affirmant;
1904 4501 2080 4581 quod
2112 4515 2324 4563 tamen
2357 4496 2623 4562 minime
2650 4502 2875 4579 proba·
2943 4494 3370 4576 pertuleratque.
3404 4494 3637 4573 Proprio
3679 4496 3797 4558 odio
3851 4496 3996 4557 hanc
4018 4545 4038 4573 ‚
4086 4494 4299 4556 Numi-

1517 4574 1653 4638 bile
1669 4577 1941 4641 videtur.
1954 4588 1959 4591 ’
1974 4578 2326 4656 Quomodo
2345 4577 2516 4640 enim
2533 4576 2697 4641 intra
2724 4598 2872 4659 pau·
2951 4577 3093 4637 cium
3113 4573 3425 4651 Ther-munz,
3450 4578 3697 4650 proeturd
3706 4573 3958 4652 fundum
3975 4621 3998 4652 ,
4030 4571 4301 4653 Tigellini

1520 4673 1620 4715 cas
1658 4653 1838 4719 horas
1876 4656 2109 4722 librum
2132 4655 2481 4735 scripsisset,
2511 4657 2873 4740 longiorem
2928 4653 3313 4738 smultatibus
3352 4652 3583 4717 dedidit.

1519 4729 1714 4793 etiam
1739 4781 1762 4808 ,
1817 4739 2007 4815 quam
2042 4753 2114 4800 ut
2170 4732 2556 4798 codicillorum
2606 4736 2873 4802 nomine
3033 4747 3052 4794 5
3104 4737 3421 4811 Lunam]
3450 4735 3503 4796 F
3506 4737 3643 4797 orte
3665 4729 3847 4804 luere,
3894 4743 3965 4793 ut
3996 4727 4136 4795 vult
4159 4728 4299 4795 Acir

1517 4811 1950 4887 appellaretur.
1984 4817 2279 4878 Praeterea
2303 4815 2371 4877 in
2399 4814 2686 4896 Satyrico
2711 4816 2872 4880 nihil
2953 4815 3175 4880 dalius,

1516 4882 1715 4949 ferme
1757 4891 2071 4969 occurrit,
2118 4895 2295 4973 quod
2348 4895 2596 4960 Neroni
2637 4917 2874 4961 conve·
3030 4898 3061 4937 ⁶
3099 4900 3447 4960 Vrnw‘rnu
3487 4899 3726 4963 IPSAM]
3757 4888 4012 4966 Brevis,
4041 4888 4145 4953 sed
4170 4899 4305 4951 ‘¹¹²⁴'

1513 4961 1684 5036 aiat:
1725 4966 2020 5052 pleraque
2061 4971 2320 5043 Claudii
2361 4973 2872 5046 imbecillitatem
2949 4973 3122 5044 xima
3145 4971 3298 5036 laus.
3340 4968 3551 5038 Paucis
3591 4989 3849 5058 quoque
3875 4969 4006 5041 Dio
4025 5017 4048 5054 ,
4090 4968 4299 5038 Lxu.
