4975 6149
1517 430 1701 532 482
2026 417 2426 506 NOTAE
2497 411 2669 498 ET
2734 407 3805 499 EMENDATIONES

1632 573 1849 652 CAP.
1899 572 2060 648 XX.
2119 570 2769 648 Pnovmcumtm
2824 576 3339 665 surranum]
3402 569 3609 646 Bene
3655 566 3986 645 Pichena
4050 593 4144 649 ex
4188 571 4337 658 Ms.

1527 677 1729 757 Flor.
1775 674 2019 778 Vulgo
2067 671 2153 747 in
2173 671 2332 749 ΜΠ.
2372 677 2443 750 &
2474 672 2843 750 veteribus
2869 671 3320 749 editionibus
3343 726 3369 762 ,
3393 675 3913 787 propinciarum.

1642 876 1857 956 CAP.
1910 876 2108 958 XXI.
2159 877 2289 954 DE
2325 900 2939 959 Exls‘rmA‘r-ronn
2969 882 3557 973 srncutonun]
3591 873 3684 954 In
3711 873 3875 953 ΜΠ.
3899 875 4010 953 uti
4038 878 4330 959 adsolet

1532 985 1957 1063 extimatione
1982 1036 2003 1070 ,
2054 979 2181 1056 vel
2214 980 2652 1079 aestimatione.

1549 1141 1558 1158 .
1642 1081 2360 1166 DECERNATURQUE
2389 1083 2415 1176 ]
2447 1079 2638 1155 Haec
2681 1079 2940 1162 absunt
2968 1105 3014 1156 a
3045 1078 3181 1156 Ms.
3216 1077 3447 1155 Corb.
3500 1077 3605 1153 Ni
3650 1103 3785 1181 per
3813 1077 4137 1157 ironiam
4169 1081 4335 1163 haec

1538 1184 1729 1263 dista
1754 1201 2184 1285 caperentur
2210 1238 2233 1272 ,
2259 1178 2536 1281 Lipsius
2570 1180 3006 1259 emendabat
3025 1237 3050 1274 ,
3086 1184 3459 1256 decernatur
3492 1208 3570 1254 ne
3595 1204 3877 1257 maneat.

1641 1284 2231 1376 Os‘rENTANm]
2275 1282 2384 1357 Ut
2420 1278 2633 1383 supra
2677 1307 2836 1383 cap.
2873 1304 2943 1386 5.
2994 1281 3286 1381 Vologefi
3311 1306 3495 1356 vetus
3524 1285 3603 1357 ἔπ’
3638 1281 3928 1380 infixum
3971 1307 4113 1358 erat
4138 1311 4333 1361 arma

1535 1387 1839 1460 Romana
1864 1386 2146 1461 vitandi.
2181 1383 2496 1486 Ipseque
2531 1382 2806 1461 Cicero
2854 1384 2949 1460 ad
2976 1384 3447 1476 Terentiam,
3493 1387 3635 1457 cum
3667 1385 3959 1459 haberem
3998 1391 4069 1458 in
4110 1392 4331 1462 animo

1537 1487 1919 1585 navigandi.
2337 1525 2346 1530 ·

1555 1659 1562 1666 .
1643 1591 2007 1661 Pnnmnn
2052 1593 2678 1683 conEANTuR]
2722 1586 2812 1663 In
2846 1584 2984 1660 Ms.
3014 1585 3264 1664 Guelf.
3297 1583 3617 1661 secunda
3638 1610 3901 1676 manu,
3933 1586 4331 1682 cohibeatur,

1540 1706 1625 1762 ut
1666 1686 1972 1762 volebat
2016 1685 2414 1762 Acidalius.
2453 1689 2559 1761 At
2586 1713 2743 1763 non
2766 1711 3066 1788 peccat,
3095 1691 3524 1762 cohibeantur.

1649 1785 1846 1862 Dum
1888 1812 2129 1863 orrEN
2142 1812 2379 1864 mnus
2405 1795 2441 1883 ]
2472 1789 2588 1863 Ita
2618 1788 2990 1866 editiones
3022 1812 3309 1869 veteres
3343 1794 3413 1864 δε
3443 1786 3909 1863 recentiores,
3943 1785 4037 1862 In
4063 1785 4329 1864 mediis

1539 1884 2003 1993 quibusdam,
2037 1890 2202 1962 cum.

1648 1990 2159 2075 AEQUAmmus
2217 2010 2486 2075 ATQun
2531 1996 3151 2086 coust-Aurius]
3208 1989 3413 2066 Bene
3465 1987 3800 2065 Ernestus
3853 2013 3946 2064 ex
3993 1988 4331 2066 editione

1596 2085 1778 2163 rinei
1836 2114 1896 2165 e.
1926 2087 2208 2165 Vitiose
2259 2088 2341 2164 in
2381 2089 2520 2168 Ms.
2566 2089 2749 2197 Reg.
2798 2096 3173 2194 (equalibus.
3219 2090 3313 2168 In
3362 2091 3521 2168 Mss.
3569 2088 3781 2166 Harl.
3815 2089 4035 2167 Bodl.
4079 2089 4221 2168 Jes.
4256 2097 4327 2165 δε

1597 2210 1775 2264 uteo
1809 2215 1984 2266 anus
2010 2247 2032 2280 ,
2083 2194 2416 2290 aequalius.

1551 2337 1556 2343 -
1647 2291 2004 2365 Amm‘rio
2039 2298 2561 2386 commeruit]
2599 2290 2874 2394 Lipsius
2889 2290 3188 2383 mallet,
3229 2292 3616 2367 cohibebitur
3636 2315 3663 2382 3
3703 2297 3773 2369 δε
3800 2291 4082 2367 meriti).

1633 2488 1854 2566 CAP.
1905 2490 2140 2568 XXII.
2190 2492 2744 2572 Amorem-mus
2795 2515 3271 2572 consumens
3311 2500 3351 2591 ]
3403 2491 3602 2569 Male
3658 2511 3895 2571 tentat
3937 2491 4267 2571 Heinsius
4290 2548 4321 2588 ,

1538 2615 1654 2664 nec
1688 2591 2129 2666 abnuentibus.

1646 2686 2328 2769 Pnorssffi‘romnus
2397 2717 2654 2769 Pssovt
2707 2716 3181 2771 cousumnus
3232 2700 3273 2789 ]
3325 2690 3649 2771 Valesius
3697 2695 3790 2771 ad
3840 2694 4314 2776 Ammianum

1541 2787 2097 2882 Marcellinum,
2142 2792 2380 2882 XXX,
2447 2818 2543 2894 pa
2599 2851 2618 2870 .
2671 2815 2860 2892 599,
2906 2794 3249 2870 emendat
3293 2823 3533 2896 proque
3603 2798 4001 2893 consulibus:
4059 2795 4323 2896 probat

1538 2889 1896 2967 Ernestus.
1930 2890 2156 2967 Haud
2186 2914 2431 2968 tamen
2457 2893 2536 2966 di
2568 2892 2798 2995 plicet
2829 2923 2910 2970 ve
2929 2921 2956 2986 3
2984 2919 3072 2970 ac
3101 2895 3291 2997 saepe
3324 2894 3404 2971 in
3435 2896 3508 2972 le
3559 2896 3720 2970 ibus
3756 2898 4158 2998 usurpatur.
4197 2964 4211 2974 .
4320 2967 4327 2970 ,

1653 2989 2036 3068 Orrmum
2062 2990 2395 3068 Pomrrsn
2427 3000 2465 3088 ]
2497 2995 2779 3070 Seneca
2805 3050 2827 3087 ,
2858 2994 3188 3072 Natural.
3225 2995 3465 3100 quaest.
3501 2923 3606 3073 51
3626 3051 3647 3087 ‚
3690 3023 3753 3072 r.
3800 3002 4128 3095 Pompeios
4157 3053 4179 3087 ,
4220 3018 4326 3065 ce-

1539 3090 1776 3165 lebrem
1821 3097 2192 3189 Campaniae
2243 3097 2455 3171 urbem
2481 3155 2504 3183 ,
2543 3105 2616 3171 in
2643 3123 2837 3197 quam
2870 3101 2952 3172 ab
2987 3099 3203 3172 alterd
3245 3124 3436 3193 parte
3462 3101 3911 3173 Surrentinum
3937 3101 4324 3173 Sabianum-

1539 3212 1659 3289 que
1709 3191 2024 3292 (potius
2062 3195 2612 3294 Stabianumque)
2681 3200 2913 3286 littus,
2966 3201 3047 3273 ab
3111 3200 3325 3273 altera
3377 3201 3842 3298 Herculanense
3892 3203 4325 3288 conveniunt,

1536 3314 1832 3390 mareque
1865 3320 1948 3368 ex
1969 3320 2187 3390 aperto
2219 3297 2547 3369 redufium
2592 3323 2839 3372 amoeno
2867 3297 3025 3397 sinu
3053 3302 3368 3399 cingunt,
3402 3300 3683 3400 desedtffe
3730 3323 3917 3373 terrae
3949 3323 4125 3373 motu
4148 3353 4170 3388 ,
4204 3324 4328 3370 ve-

1536 3394 1719 3461 xatis
1773 3417 2172 3494 quaecumque
2215 3397 2598 3493 adjacebant
2647 3400 3010 3497 regionibus
3041 3460 3060 3488 ,
3097 3401 3359 3489 Lucili,
3412 3406 3704 3474 virorum
3742 3406 4014 3494 optime,
4061 3398 4324 3471 audivi-

1534 3514 1679 3559 mus
1706 3519 1734 3560 .·
1784 3493 1861 3565 Cr
1889 3495 2140 3591 quidem
2173 3496 2388 3569 diebus
2425 3498 2700 3571 hibernis
2722 3526 2753 3568 .·
2796 3526 2949 3597 quos
2974 3525 3209 3573 vacare
3237 3527 3281 3574 a
3320 3502 3444 3574 tali
3469 3502 3751 3597 periculo
3797 3504 4072 3591 majores
4121 3495 4322 3595 nostri

1516 3587 1817 3684 solebant
1831 3599 2231 3686 promittere.
2256 3599 2463 3670 Nonis
2504 3598 2870 3681 Februariis
2884 3600 3032 3700 fuit
3057 3622 3265 3673 motus
3290 3602 3389 3674 hic
3408 3655 3434 3693 ,
3473 3600 3724 3699 Regulo
3756 3600 3832 3673 Cr
3854 3600 3921 3674 V
3915 3602 4155 3696 irginio
4177 3621 4324 3672 con·

1515 3687 1818 3783 salibus,
1858 3697 1969 3791 qui
2004 3697 2433 3791 Campaniam
2468 3722 2820 3800 numquam
2846 3704 3141 3799 securam
3171 3703 3361 3799 hujus
3406 3703 3569 3776 mali
3601 3756 3625 3791 ,
3657 3699 4010 3774 indemnem
4056 3721 4316 3784 tamen,

1536 3786 1618 3861 Cr
1668 3795 1898 3865 totiens
1941 3792 2307 3891 defunblam
2341 3821 2549 3887 metu,
2601 3800 2844 3900 magud
2856 3800 3086 3903 strage
3143 3801 3462 3900 vastavit.
3500 3805 3681 3877 Nam
3718 3800 3798 3874 Er
3835 3793 4313 3893 Herculanerfis

1534 3890 1754 4000 oppidi
1769 3917 1930 3985 pars
1976 3898 2114 3968 ruit
2138 3950 2158 3983 ,
2192 3898 2495 3998 dubie'que
2508 3897 2694 3996 stant
2720 3906 2916 3974 etiam
2941 3930 3080 4003 qua
3110 3906 3328 3978 reliHa
3347 3905 3530 4001 fitnt.
3557 3901 3668 3977 Ex
3692 3899 3807 3976 his
3838 3899 4127 3975 Senecae
4149 3919 4314 3973 ver-

1533 3984 1646 4061 bis
1674 3988 1968 4103 colligit
1998 3991 2276 4094 Lipfius
2309 3997 2656 4074 Tacitum
2689 4000 2949 4078 misere
2983 4003 3110 4078 hic
3142 4001 3467 4077 luxatum
3492 4001 3630 4076 effe
3649 4056 3673 4091 ,
3710 3998 3883 4075 cum
3910 3997 4311 4099 Pompeio-

1531 4110 1693 4198 rum
1725 4113 1934 4165 ruma
1980 4117 2178 4171 anno
2217 4096 2549 4198 sequenti
2579 4155 2602 4189 ,
2630 4098 2925 4203 Regulo
2954 4109 3025 4177 δε
3048 4101 3404 4202 Verginio
3455 4099 3887 4176 consulibus
3908 4156 3929 4189 ,
3980 4097 4316 4201 contige-

1527 4205 1665 4299 nt..
1683 4189 1908 4264 Forte
1935 4210 2177 4268 tamen
2210 4194 2356 4271 fine
2405 4197 2566 4273 ullo
2594 4197 3057 4276 librariorum
3085 4225 3331 4278 errore
3350 4197 3720 4300 utriusque
3750 4200 4125 4302 scriptoris
4151 4223 4312 4273 nar-

1528 4306 1721 4363 ratio
1769 4286 1949 4366 flare
1989 4294 2252 4395 potest.
2299 4295 2609 4372 Videtur
2641 4299 2838 4374 enim
2872 4321 3083 4375 terrae
3131 4321 3374 4374 motus
3403 4299 3700 4401 coepisse
3748 4320 4061 4377 exeunte
4112 4323 4310 4375 anno

1527 4408 1871 4470 mcccxv.
1907 4393 2262 4486 Duravit,
2290 4395 2591 4472 ineunte
2629 4422 2828 4473 anno
2865 4424 3230 4478 ncccxvr.
3272 4399 3613 4490 TacituS,
3659 4405 3935 4500 majora
3974 4425 4176 4474 anno
4202 4398 4315 4473 se·

1516 4491 1788 4604 fluenti
1827 4516 2237 4572 narraturus
2261 4553 2282 4587 ,
2320 4498 2844 4612 Pompeiorum
2876 4500 3156 4577 ruinam
3183 4527 3350 4577 cum
3375 4521 3581 4578 terrae
3602 4504 3843 4577 motus
3874 4499 4102 4574 initiis
4133 4525 4323 4574 con-

1517 4589 1777 4757 iunxit.
1806 4591 2037 4669 Simili
2082 4596 2310 4700 strage
2335 4598 2643 4697 plurima
2687 4599 2998 4703 Europae
3023 4660 3043 4693 ,
3082 4602 3265 4680 Afiae
3291 4658 3311 4692 ‚
3341 4602 3647 4691 Africae,
3682 4622 3896 4705 atque
3944 4598 4314 4673 Americae

1555 4711 1694 4761 oca
1722 4691 1980 4767 vastari
2013 4697 2255 4774 multis
2299 4699 2571 4776 abhinc
2614 4700 2820 4777 annis
2857 4703 3275 4804 accipimus,
3317 4705 3460 4778 Pro
3487 4708 3780 4799 proruit,
3821 4696 4248 4774 Gronovius
4279 4752 4306 4785 ‚

1516 4787 1771 4864 mallet
1801 4845 1823 4880 ,
1874 4799 2171 4888 procidit.
2210 4798 2332 4875 De
2394 4807 2670 4903 majore
2710 4804 3238 4906 Pompeiorum
3290 4808 3362 4878 &
3417 4797 3973 4882 Herculanensis
4031 4796 4300 4902 oppidi

1514 4880 1725 4963 ruina
1765 4889 2086 4975 dicemus
2115 4898 2345 4997 infra,
2392 4903 2565 4982 cum
2586 4904 2750 4983 Titi
2774 4930 2886 4984 res
2924 4903 3394 4986 narrabimus.
3502 4983 3511 4992 .
