4975 6149
959 397 1607 484 ANNALIUM
1668 394 2021 481 LIBER
2088 393 2606 482 DECIMUS
2670 394 3127 482 SEXTUS.
3311 426 3479 503 275

694 557 931 646 »viso
971 552 1329 643 Thrasea
1380 587 1584 661 reof,
1636 556 2038 642 decreturi
2089 581 2349 669 patres
2387 556 2714 640 fuerint.
2753 559 2864 641 Ut
2900 560 3323 643 Neronem
3350 559 3487 644 fla·
3533 587 3771 633 ΞΒ

693 690 1148 802 »gitiorum
1194 684 1460 799 pudor
1507 709 1829 796 caperet
1856 743 1885 788 ,
1925 677 2165 766 inrita
2206 682 2342 797 spe
2381 685 2714 794 agitari:
2764 680 3188 795 multoque
3225 688 3481 798 magis
3535 665 3766 816 ³5:³⁶⁶·

692 810 1215 919 »timendum
1243 871 1271 916 ,
1327 839 1432 893 ne
1484 812 1571 892 in
1620 805 2061 922 conjugem
2085 867 2114 912 ,
2166 810 2256 890 in
2286 806 2733 911 familiam,
2770 812 2857 892 in
2895 837 3162 894 cetera
3199 815 3483 926 pigno-
3581 862 3627 912 J,
3654 770 3727 913 ἓ

695 973 844 1027 »ra
893 937 1064 1048 ejus
1129 939 1459 1025 saeviret.
1503 937 1853 1022 Proinde
1896 941 2420 1021 intemeratus
2463 996 2494 1040 ,
2555 932 3029 1049 impollutus
3058 997 3085 1040 ‚
3137 968 3480 1047 quorum
3590 953 3696 1019 66.

587 1098 636 1179 5
698 1103 743 1147 2>
760 1068 1111 1180 vestigiis
1139 1075 1221 1151 &t
1250 1064 1519 1150 studiis
1542 1066 1794 1147 vitam
1819 1063 2181 1168 duxerit,
2208 1092 2491 1147 eorum
2517 1056 2778 1174 gloria
2803 1088 3109 1177 peteret
3133 1060 3433 1149 finem»
3454 1128 3478 1152 .

696 1195 1002 1279 Aderat
1039 1190 1376 1309 consilio
1416 1192 1793 1275 Rusticus
1830 1188 2238 1273 Arulenus
2262 1249 2290 1293 ,
2332 1191 2674 1302 flagrans
2714 1185 3030 1296 juvenis
3055 1248 3083 1292 ,
3127 1200 3209 1276 &t
3249 1196 3478 1307 cupi-

698 1320 890 1405 dine
915 1317 1173 1405 laudis
1196 1315 1590 1405 offerebat
1627 1350 1673 1392 «
1699 1317 1779 1401 se
1806 1317 2411 1401 intercessurum
2438 1314 3135 1401 senatusconsulto
3167 1352 3248 1399 »;
3285 1350 3474 1413 nam

700 1443 954 1561 plebis
985 1444 1348 1529 tribunus
1376 1470 1571 1529 erat.
1599 1441 1998 1527 Cohibuit
2028 1444 2343 1556 spiritus
2370 1440 2539 1551 ejus
2561 1442 2917 1527 Thrasea
2944 1503 2969 1546 ‚
3011 1476 3056 1518 c<
3082 1474 3182 1527 ne
3212 1474 3417 1529 vana
3446 1506 3475 1548 ‚

700 1580 847 1655 »ὅτ
897 1602 1042 1657 reo
1094 1602 1264 1656 non
1328 1572 1747 1687 profutura
1795 1628 1822 1673 ‚
1874 1570 2371 1654 intercessori
2412 1570 2753 1653 exitiosa
2823 1572 3243 1683 inciperet.
3305 1569 3480 1655 Sibi

539 1724 643 1781 ιο
699 1701 1015 1783 »aelam
1076 1726 1394 1784 aetatem
1422 1757 1450 1801 ,
1506 1706 1590 1782 ὃ(
1638 1721 1768 1782 tot
1815 1725 1957 1809 per
2004 1724 2256 1780 annos
2325 1698 2804 1781 continuum
2869 1698 3049 1779 vitae
3114 1697 3484 1780 ordinem

698 1855 933 1909 »non
969 1824 1544 1909 deserendum:
1585 1821 1708 1906 illi
1745 1825 2072 1907 initium
2105 1824 2706 1935 magistratuum
2730 1883 2758 1927 ,
2803 1825 3221 1934 &integra
3249 1884 3276 1927 ‚
3314 1854 3482 1935 quae

698 1983 745 2029 >2
766 1952 1172 2065 supersint.
1203 1943 1572 2036 Multum
1600 1949 1786 2035 ante
1826 1951 2102 2034 secum
2139 1950 2629 2063 expenderet
2652 2008 2680 2052 ,
2728 1950 2947 2059 quod
2991 1947 3137 2033 tali
3174 1953 3258 2033 in
3285 1977 3482 2034 tern-

705 2107 966 2191 »pore
1011 2077 1494 2194 capessendae
1562 2073 2048 2192 reipublicaess
2089 2078 2241 2160 iter
2274 2115 2279 2120 ·
2308 2076 2861 2188 ingrederetur
2908 2086 2929 2120 ¹
2979 2109 3065 2156 ».
3098 2075 3486 2160 Ceterum

706 2204 923 2317 ipse,
977 2234 1081 2287 an
1123 2206 1398 2289 venire
1436 2207 1522 2286 in
1562 2204 1925 2288 senatum
1969 2201 2345 2306 deceret,
2381 2202 2894 2286 meditationi
2937 2201 3084 2283 suae
3133 2200 3483 2312 reliquit.

542 2338 642 2417 15
830 2329 1241 2415 XXVII.
1306 2331 1453 2414 A'r
1501 2327 1814 2446 postera
1857 2325 2044 2414 luce
2073 2388 2102 2433 ,
2157 2329 2343 2412 duae
2380 2329 2756 2442 praetoriae
2798 2330 3177 2411 cohortes
3230 2358 3488 2411 arma-

701 2477 796 2539 tae
823 2513 850 2558 ‚
914 2456 1311 2572 ternplum
1376 2459 1812 2571 genetricis
1866 2458 2209 2543 Veneris
2263 2463 2293 2497 ²
2355 2453 2743 2538 insedere.
2791 2453 3132 2536 Aditum
3174 2453 3488 2539 senatfis

704 2578 997 2693 globus
1041 2609 1513 2695 togatorum
1539 2583 1961 2670 obsederat
1984 2642 2013 2687 ,
2057 2612 2224 2667 non
2255 2578 2606 2666 occultis
2635 2576 2967 2692 gladiis:
3013 2578 3489 2693 dispersique

702 2735 848 2821 per
887 2707 1064 2792 fora
1126 2740 1223 2793 ac
1275 2708 1633 2809 bafilicas
1687 2713 1928 2796 cunei
1982 2707 2424 2805 militares3
2477 2710 2688 2791 inter
2727 2734 3072 2818 quorum
3134 2706 3490 2821 aspeElus

706 2839 790 2916 ὃ(
857 2835 1109 2918 minas
1158 2836 1475 2948 ingressi
1529 2839 1834 2922 curiam
1880 2837 2327 2922 senatores.
2380 2833 2489 2918 Et
2545 2835 2805 2919 oratio
2877 2832 3272 2945 Principis
3349 2862 3489 2949 per
3607 2822 3614 2831 ²

520 2976 650 3039 '20
707 2960 1175 3067 quaestorem„
1239 2958 1411 3069 ejus
1443 2963 1717 3047 audita
1765 2965 1872 3046 est
1906 2973 1963 3045 ³.
1996 2965 2354 3047 Nemine
2407 2961 2889 3045 nominatim
2935 2950 3494 3072 compellato}

704 3110 969 3200 patres
1007 3086 1393 3198 arguebat
1416 3146 1443 3191 ‚
1484 3123 1531 3164 «
1564 3089 1786 3202 quod
1826 3087 2156 3206 publica
2192 3092 2466 3173 munia
2505 3087 2955 3174 desererent
2979 3143 3010 3189 ,
3046 3114 3491 3194 eorumque

703 3209 1151 3326 »exemplo
1195 3217 1503 3326 equites
1543 3216 1905 3301 Romani
1946 3215 2046 3300 ad
2096 3216 2520 3331 segnitiam
2547 3237 3075 3324 verterentur.
3113 3208 3487 3315 Etenim,

702 3337 962 3449 »quid
1003 3341 1371 3425 mirum-e
1413 3338 1882 3457 longinquis
1908 3344 2351 3459 provinciis
2376 3344 2594 3428 haud
2622 3340 2881 3460 veniri
2916 3347 2955 3396 4
2977 3397 3006 3441 ,
3046 3340 3227 3420 cum
3256 3333 3490 3451 pleri-

787 3561 818 3642 ἦ
845 3554 998 3642 ῘἙΕΚ
1020 3560 1565 3635 mountain-ua]
1615 3561 1899 3625 Arduum
1929 3561 2058 3625 vir·
2129 3557 2415 3637 Principis
2457 3559 2823 3634 dicebantur,
2862 3553 3054 3636 quique
3085 3548 3334 3643 ‘epist’olas
3368 3550 3488 3630 ejus

701 3641 852 3720 funs
885 3645 1006 3693 lter
1047 3634 1399 3770 pgagebat„
1433 3641 1577 3698 cum
1609 3658 1645 3727 ².
1672 3639 2055 3734 Domitiano
2129 3638 2190 3698 in
2215 3641 2422 3728 senatu
2459 3638 2667 3720 legunt.
2697 3641 2774 3700 In
2818 3631 3336 3711 Inscriptlombus
3370 3651 3487 3694 ve-

698 3706 1059 3799 mterfeEtus
1183 3754 1205 3785 ,
1240 3722 1310 3772 ut
1338 3709 1582 3776 dicetur
1623 3716 1787 3796 infra
1828 3738 1901 3780 m
1923 3724 2057 3782 Vrt.
2132 3718 2369 3779 tenbus
2388 3719 2781 3797 appellantur
2808 3711 3154 3791 QVAEST.
3189 3710 3382 3799 AQG.
3414 3709 3488 3770 Id

697 3787 909 3867 Agnc,
956 3789 1155 3854 XLV.
2135 3794 2218 3856 est
2254 3793 2540 3874 quaestores
2567 3792 2819 3885 Augysti.
2841 3793 2912 3854 Id
2943 3790 3078 3854 usus
3103 3802 3333 3878 repent
3360 3790 3490 3849 Au-

779 3872 802 3900 ²
847 3868 1246 3931 Gannrmcrs
1270 3869 1608 3946 venans]
1651 3869 1725 3931 In
1770 3875 1917 3937 vm
1943 3875 2062 3934 Ur-
2174 3871 2373 3936 ustus:
2417 3871 2562 3936 filiae
2610 3893 2779 3935 emm
2828 3871 2945 3934 suae
2982 3869 3334 3939 luxunam,
3375 3864 3488 3925 ab-
3523 3881 3540 3894 ·

695 3939 794 4006 bis
843 3945 1103 4086 {agione
1134 3992 1154 4023 ,
1225 3946 1533 4028 Foroque
1589 3948 1741 4011 Julii
1789 3949 2059 4015 Caesaris,
2115 3891 2290 4029 fens,
2346 3969 2415 4011 ac
2456 3948 2635 4012 libello
2686 3971 2785 4027 per
2838 3946 3142 4041 quaestorjem
3205 3945 3486 4019 recitato,

697 4020 839 4085 Not
931 4023 1019 4085 mi
1052 4024 1259 4089 versus
1302 4024 1630 4103 Lucretii,
1661 4029 1725 4102 1,
1768 4049 1822 4090 1.
2134 4044 2352 4094 notam
2358 4030 2591 4111 [εηατιιὶ
2609 4028 2786 4106 fecit,
2822 4026 3178 4109 abstmuchue
3214 4021 3489 4107 congrqffit

764 4123 1031 4176 AEneaamn
1047 4129 1299 4192 genetrix,
1316 4129 1552 4184 homimem
1565 4130 1808 4203 diramque
1825 4131 2059 4200 „11th
2133 4108 2405 4171 hominum
2431 4107 2526 4201 ᾴίιι
2551 4130 2668 4186 proe
2687 4107 2912 4198 pudore:
2945 4109 3212 4171 Sueton.
3237 4104 3306 4167 in
3328 4106 3491 4189 Aug.

768 4188 918 4242 Alma
941 4192 1244 4252 Vemuaetc.
2133 4191 2328 4255 LXV.
2372 4190 2535 4255 vxde
2573 4191 2644 4254 &
2675 4192 3130 4266 Campanum,
3166 4182 3245 4243 de
3274 4180 3490 4243 officio

783 4288 804 4333 3
854 4282 980 4341 Pu
1010 4302 1403 4354 Qum-rou„
1442 4309 1581 4354 mus
1620 4312 1865 4354 mm„
1894 4293 2055 4368 EST]
2132 4269 2203 4332 &
2266 4269 2568 4348 potestate
2627 4265 2960 4349 magistrat.
3014 4263 3290 4325 Roman.
3352 4274 3492 4338 pag.

705 4357 781 4420 ld
803 4359 887 4420 est
907 4405 927 4434 ,
944 4358 1224 4422 recitata.
1249 4363 1741 4438 Imperatoribus
1764 4367 1858 4429 sui
1883 4385 2061 4432 etant
2137 4367 2250 4409 ²0¹
2306 4348 2377 4412 ὅ(
2420 4370 2568 4410 20²·
3110 4433 3125 4447 ‚

699 4435 1029 4528 quaestores
1049 4485 1069 4514 ,
1103 4438 1182 4501 de
1213 4436 1439 4518 quibus
1465 4442 1804 4520 Ulpianus,
1827 4444 2058 4523 Digest.
2211 4455 2246 4496 4
2282 4449 2476 4510 Ham>
2514 4465 2744 4509 vunnu
2772 4449 2801 4522 ]
2843 4440 3017 4519 Quid
3041 4453 3277 4522 mirum
3302 4455 3336 4498 e
3357 4433 3501 4498 lon·

700 4515 848 4579 hbr.
871 4519 920 4578 1.
945 4517 1025 4577 T.
1062 4537 1159 4595 13.
1185 4518 1265 4580 de
1287 4516 1497 4580 officio
1534 4519 1890 4595 Quaestor-is.
1928 4530 2051 4580 Non
2174 4522 2383 4603 inquis
2419 4519 2771 4600 provinciis
2814 4520 2881 4580 in
2930 4511 3297 4594 reipubhcae
3323 4511 3503 4574 subfi-

701 4613 888 4656 omnes
932 4593 1215 4676 questores
1273 4594 1595 4670 provincias
1633 4594 2054 4675 finiebantur,
2180 4598 2309 4661 ium
2350 4620 2483 4662 non
2506 4595 2754 4672 veniri,
2790 4602 2935 4659 c'nm
2964 4590 3260 4676 plerique
3290 4590 3506 4670 adepti

700 4676 889 4735 veram
926 4675 1140 4750 excepti
1173 4690 1337 4736 erant
1380 4671 1668 4734 candidati
1719 4672 2010 4745 Principis
2035 4699 2055 4733 .·
2138 4674 2607 4738 consulatum&
2630 4673 3015 4748 sacerdotia,
3041 4669 3379 4732 hortorum
3440 4688 3511 4729 o·-

636 4825 641 4832 ·
702 4750 764 4810 hi
807 4753 1006 4814 etenim
1034 4752 1174 4833 jblis
1215 4751 1375 4813 libris
1417 4749 1841 4827 principalibus
1877 4747 1938 4808 in
1966 4752 2062 4839 [ε-
2139 4752 2264 4839 tius
2286 4748 2675 4838 autumnitati,
2710 4755 2900 4832 quarn
2928 4746 3295 4828 reipublicae
3322 4689 3512 4837 inser-

706 4847 847 4889 natu
881 4830 930 4890 le
969 4830 1130 4892 endis
1159 4849 1390 4895 vacant.
1409 4834 1569 4896 Mox
1601 4830 1772 4894 infra
1800 4873 1820 4901 ‚
1844 4845 1916 4885 ex
1940 4823 2062 4899 lus,
2141 4828 2395 4888 vuenti
2446 4827 2607 4890 Vnde
2651 4830 2857 4894 Notas
2894 4833 2967 4897 δε
3007 4826 3517 4904 Emendatrones

686 4905 862 4988 ficati
991 4910 1172 4994 imus,
1196 4910 1419 4995 quidam
1430 4912 1608 4996 sunt,
1645 4910 1740 4995 qui
1769 4901 2065 4973 candidan·
2139 4905 2222 4972 ad
2254 4905 2485 4969 Annal.
2515 4907 2702 4982 XVI,
2735 4930 2840 4990 27.

2647 4989 3005 5115 Mmij
