4975 6149
938 406 1590 500 ANNALIUM
1648 403 1996 498 LIBER
2061 403 2571 496 DEchus
2638 411 3154 511 TERTIUS.
3326 460 3353 514 1
3378 465 3421 516 2
3436 460 3487 542 ς

705 577 906 665 haud
940 572 1138 661 alias
1194 573 1423 658 socia
1453 572 1849 656 Romanis
1877 630 1904 674 ,
1936 571 2114 655 avia
2149 571 2552 655 Armeniae
2577 577 3042 669 incursavit.
3093 587 3219 673 Ita
3279 623 3485 679 con-
3531 618 3762 662 Ξ

699 705 855 790 filia
897 699 1251 788 Tiridati
1303 701 1392 781 in
1433 699 1929 782 contrarium
1976 694 2422 780 vertebant.
2467 699 3016 818 Mittebatque
3064 741 3424 805 oratores
3439 781 3475 827 ,
3527 695 3753 843 *gu‘c'

699 834 828 945 qui
863 830 1011 914 suo
1052 827 1698 933 Parthorumque
1752 825 2080 906 nomine
2129 822 2767 937 expostularent,
2820 865 2865 907 (ε
2898 862 3040 916 cur
3076 839 3277 925 datis
3331 877 3472 929 nu-
3556 801 3709 933 1.ιὲ

698 987 895 1073 »per
946 949 1392 1052 obfidibus,
1439 944 2132 1060 redintegrataque
2184 946 2582 1056 amicitia,
2630 982 2797 1063 quae
2852 962 3085 1045 novis
3144 992 3469 1079 quoque
3583 975 3689 1052 58.

600 1116 646 1199 5
698 1081 1167 1167 »beneficiis
1195 1075 1478 1162 locum
1525 1077 1913 1188 aperiret,
1940 1099 2212 1159 vetere
2249 1077 2648 1160 Armeniae
2680 1082 3143 1193 poffessione
3188 1089 3471 1205 depel-

596 1204 606 1213 ’
696 1207 1105 1294 »Ιεπεωτὲ
1158 1205 1360 1290 Ideo
1417 1202 1783 1285 nondum
1835 1202 2098 1316 ipsum
2150 1200 2626 1313 Vologesen
2671 1236 3231 1321 commotum,
3283 1221 3470 1329 quia

698 1330 1000 1418 »causa
1022 1394 1050 1436 ,
1081 1328 1319 1441 quarn
1357 1331 1444 1411 vi
1476 1356 1713 1441 agere
1749 1324 2113 1410 mallent.
2151 1329 2295 1411 Sin
2326 1331 2798 1442 perstaretur
2841 1338 2926 1419 in
2981 1335 3255 1438 bello;
3298 1374 3468 1432 non

702 1492 747 1539 >2
765 1459 1038 1544 defore
1065 1455 1465 1540 Arsacidis
1495 1457 1881 1538 virtutem
1913 1452 2478 1564 fortunamque
2502 1515 2533 1560 ,
2564 1457 2838 1573 saepius
2863 1457 3026 1570 jam
3046 1463 3275 1553 clade
3300 1471 3471 1556 Ro-

703 1579 988 1668 »manz'i
1016 1608 1430 1699 expertam
1457 1616 1502 1657 »
1523 1642 1544 1664 .
1572 1580 1707 1663 Ad
1734 1608 1825 1664 ea
1851 1575 2259 1681 Corbulo,
2287 1580 2470 1664 satis
2498 1612 2917 1697 comperto
2934 1648 2962 1691 ,
2993 1591 3466 1706 Vologesen

560 1742 654 1799 10
704 1712 1143 1796 defeEtione
1172 1710 1601 1819 Hyrcaniae
1635 1717 1656 1752 ¹
1710 1707 2083 1808 attineri,
2114 1704 2390 1789 suadet
2424 1708 2770 1793 Tiridati
2812 1745 2857 1788 c<
2885 1716 3252 1827 precibus
3284 1721 3465 1804 Cae-

695 1839 1010 1921 »sarem
1042 1834 1374 1947 adgredi
1423 1868 1440 1916 :
1490 1831 1707 1950 posse
1748 1830 1874 1915 illi
1928 1859 2270 1944 regnum
2319 1829 2645 1938 stabile,
2696 1844 2779 1919 ὃ(
2825 1867 2948 1922 res
3007 1843 3467 1933 incruentas

696 1996 742 2041 ι)
759 1964 1286 2074 contingere,
1311 1960 1365 2041 fi
1391 1953 1677 2044 omissa
1714 1959 1849 2075 spe
1874 1952 2320 2072 longinqua
2346 1965 2427 2049 &i
2456 1955 2666 2071 sera,
2702 1963 3166 2083 praesentem
3208 1976 3471 2085 potio-⁴

700 2117 1087 2198 »remque
1127 2087 1582 2198 sequeretur
1609 2120 1654 2164 »
1675 2146 1696 2170 .
2439 2098 2444 2102 ’

705 2231 712 2238 ’
816 2214 1380 2299 XXXVIII.
1447 2216 1987 2298 PLACITUM
2041 2211 2522 2316 dehinc;-«
2570 2217 2755 2327 quia
2818 2222 3461 2311 commeantibus

565 2370 644 2452 ις
695 2343 1106 2427 »invicem
1133 2343 1490 2446 nuntiis,
1520 2337 1728 2423 nihil
1774 2342 1862 2422 in
1907 2342 2300 2423 summam
2336 2341 2555 2452 pacis
2608 2344 3177 2456 proficiebatur
3202 2407 3230 2452 ,
3295 2347 3460 2434 col-

694 2465 1033 2580 »loquio
1070 2467 1425 2583 ipsorum
1477 2493 1796 2582 tempus
1846 2463 2285 2576 locumque
2332 2465 2812 2554 destinari».
2869 2469 3187 2556 «Mille
3243 2475 3467 2585 equi*

691 2622 922 2678 »tum
963 2594 1401 2710 praefidium
1427 2629 1474 2672 >2
1526 2593 1926 2678 Tiridates
1976 2627 2023 2669 t<
2053 2593 2302 2676 affore
2330 2589 2535 2675 fibi»
2582 2593 2949 2681 dicebat:
2995 2631 3040 2674 «
3072 2627 3461 2707 quantum

671 2729 735 2798 '»
754 2719 1210 2805 Corbuloni
1252 2717 1636 2829 cujusque
1678 2722 1994 2832 generis
2022 2716 2374 2800 militum
2399 2717 2789 2805 adfisteret
2813 2783 2841 2826 ‚
2871 2753 3037 2807 non
3067 2726 3400 2811 statuere
3425 2786 3459 2831 ,

693 2847 947 2931 »dum
974 2907 1006 2950 ,
1039 2847 1308 2961 pofitis
1344 2846 1620 2931 loricis
1655 2855 1736 2929 ὃ(
1762 2841 2012 2958 galeis
2040 2905 2069 2949 ‚
2108 2847 2192 2927 in
2238 2843 2530 2928 faciem
2562 2850 2780 2961 pacis
2808 2856 2840 2892 ²
2866 2906 2895 2950 ‚
2933 2851 3342 2934 veniretur
3368 2887 3412 2929 »
3434 2912 3458 2936 .

543 2997 652 3054 20
704 2971 1207 3084 Cuicumque
1270 2970 1792 3077 mortalium,
1844 2971 2142 3056 nedum
2198 2973 2451 3055 veteri
2507 2982 2588 3056 ὃ(
2629 2973 2969 3089 provido
3019 2975 3246 3080 duci,
3293 2976 3460 3062 bar·-

700 3096 900 3183 barae
952 3101 1240 3182 astutiae
1299 3099 1746 3212 patuiffent.
1811 3133 1854 3175 «
1882 3098 2083 3184 Ideo
2139 3101 2437 3183 aretum
2492 3100 2679 3184 inde
2722 3130 3143 3184 numerum
3192 3105 3402 3186 finiri
3427 3127 3463 3207 ,'

697 3234 844 3309 »δε
895 3228 1091 3310 hinc
1135 3221 1523 3333 majorem
1574 3225 1895 3329 offerri,
1942 3252 2035 3309 ut
2092 3222 2326 3308 dolus
2380 3252 2810 3339 pararetur.
2868 3231 3089 3310 Nam
3147 3231 3456 3337 equiti,

694 3353 1225 3464 »sagittarum
1278 3352 1429 3434 usu
1503 3345 1923 3454 exercite,
1987 3352 2043 3434 fi
2113 3350 2422 3436 deteRa
2466 3381 2809 3467 corpora
2859 3348 3459 3457 objicerentur,

675 3478 964 3561 »nihil
1007 3476 1506 3594 profuturam
1581 3474 2186 3562 multitudinem
2217 3515 2303 3562 ».
2359 3477 2872 3564 Diffimulato
2918 3503 3189 3563 tamen
3227 3477 3462 3563 intel-

553 3629 595 3685 2
606 3628 644 3709 5
675 3600 906 3688 'leRu
934 3664 965 3709 ,
1015 3639 1061 3681 «
1090 3609 1371 3692 refilius
1417 3606 1517 3691 de
1542 3607 1668 3691 his
1692 3666 1720 3711 ,
1757 3635 1925 3718 quae
1955 3607 2041 3688 in
2089 3604 2508 3724 publicum
2549 3604 3158 3691 consulerentur
3181 3665 3210 3709 ‚
3261 3609 3456 3689 totis

696 3731 1241 3820 »exercitibus
1304 3764 1577 3819 coram
1628 3734 2242 3819 dissertaturos»
2299 3732 2737 3849 respondit.
2809 3733 3291 3843 Locumque
3328 3731 3462 3816 de·

695 3855 891 3973 legit
919 3922 947 3964 ,
1001 3858 1229 3969 cujus
1270 3891 1450 3976 pars
1502 3858 1751 3946 altera
1812 3859 2069 3945 colles
2112 3888 2339 3946 erant
2389 3859 2836 3946 clementer
2889 3859 3401 3973 adsurgentes
3429 3917 3461 3963 ,

694 3989 1177 4100 accipiendis
1240 3989 1605 4103 peditum
1678 3984 2151 4084 ordinibus;
2205 4016 2382 4101 pars
2453 3990 2541 4072 in
2605 3983 3027 4102 planitiem
3098 3989 3463 4100 porrige·

695 4108 976 4216 batur,
1041 4114 1141 4198 ad
1166 4113 1685 4228 explicandas
1729 4118 2091 4226 equitum
2145 4140 2470 4199 turmas.
2537 4115 2861 4224 Dieque
2899 4115 3128 4228 passlo
3159 4172 3188 4216 ,
3242 4113 3463 4226 prior

547 4255 650 4344 30
704 4234 1065 4323 Corbulo
1103 4240 1358 4323 socias
1385 4242 1764 4325 cohortes
1793 4250 1878 4327 &
1909 4238 2205 4326 auxilia
2232 4270 2518 4353 regum
2554 4270 2700 4356 pro
2730 4238 3150 4339 cornibus»,
3185 4233 3465 4316 medio

698 4360 1006 4446 sextam
1057 4362 1472 4476 legionem
1538 4370 2001 4465 constituit;
2067 4372 2201 4452 cui
2251 4370 2518 4454 accita
2566 4394 2710 4480 per
2756 4367 3079 4449 noelem
3140 4357 3315 4441 aliis
3365 4382 3476 4438 ex

701 4492 959 4576 castris
992 4549 1026 4596 ‚
1109 4494 1261 4574 tria
1324 4488 1581 4576 millia
1667 4496 2197 4580 tertianorum
2256 4505 2280 4553 ³
2362 4488 2937 4608 permiscuerat
2963 4546 2994 4593 ,
3059 4478 3223 4567 una
3279 4507 3473 4568 cum

781 4764 804 4795 ¹
837 4756 1191 4821 Humum
1221 4762 1254 4837 ]
1300 4754 1386 4817 Le
1436 4755 1834 4842 Mazanderan
1877 4759 1941 4822 ὃ·
1983 4761 2038 4820 le
2120 4760 2275 4821 vero
2300 4753 2457 4818 belli
2490 4749 2754 4820 faciem,
2782 4745 3180 4836 veniretur„
3386 4818 3409 4832 .

703 4828 935 4893 Corcan.
2203 4847 2224 4889 ³
2271 4835 2903 4896 Tnarmuonun
2932 4832 2967 4907 ]
3001 4829 3235 4894 Tettxae
3279 4822 3487 4903 legio-

775 4920 803 4951 ²
849 4913 914 4975 In
949 4932 1187 4977 mcum
1235 4919 1474 4997 racis]
1528 4918 1603 4982 In
1641 4917 1847 5002 pacis,
1894 4936 2042 4983 non
2123 4913 2244 4979 nis.
