4975 6149
1557 462 1732 553 28‘0
2079 464 2180 549 C.
2312 462 3156 553 CORNELII
3279 458 3856 552 TACITI

1277 670 1510 718 Ξ
1554 627 1842 739 ὶεᾶειῑε
1883 652 2051 710 erat
2084 627 2538 711 intentione
2570 622 2837 711 vultus
2867 685 2897 731 ,
2946 636 3030 712 ὅ(
3065 629 3394 732 auditu,
3431 629 3485 710 fi
3526 659 3684 740 qua
3721 609 4010 711 claritis
4040 618 4327 740 prole-3

1207 841 1212 845 ,
1278 754 1506 808 ΝΜ·
1556 754 2000 867 quebantur
2024 812 2053 856 ‚
2102 752 2204 836 de
2236 750 2518 857 natura
2558 756 2836 838 animae
2860 813 2891 856 ,
2937 762 3022 838 ὃς
3064 755 3621 840 dissociatione
3662 754 3981 868 spiritus
4023 773 4329 870 corpo*

1320 852 1471 1014 3¹53·
1552 883 1815 994 risque
1885 876 2381 990 inquirebat:
2441 880 2707 965 donec
2765 882 3091 964 advenit
3145 882 3562 965 Domitius
3624 876 4161 984 Caecilianus,
4221 904 4348 963 ex·

1337 994 1473 1112 ἐς]
1555 1010 1860 1091 intimis
1902 1007 2178 1092 amicis
2207 1065 2236 1109 ‚
2283 1013 2367 1090 ὃ(
2411 1008 2486 1090 ei
2514 1067 2543 1109 ,
2597 1006 2789 1115 quid
2830 1005 3616 1091 senatuscensuiffet
3640 1066 3669 1111 ,
3708 1005 4108 1120 ex'posuit.
4153 1007 4325 1118 Igi-

1553 1162 1689 1219 tur
1717 1136 2002 1218 flentes
2031 1131 2676 1245 queritantesque
2703 1198 2734 1235 ,
2765 1134 2903 1242 qui
2929 1132 3255 1217 aderant
3282 1193 3311 1237 ‚
3358 1167 3404 1209 «
3443 1132 3819 1218 facess'ere
3873 1132 4214 1248 propere
4261 1164 4310 1209 u
4429 1146 4485 1233 ς)

1549 1262 1962 1363 Thrasea,
2008 1293 2054 1335 «
2100 1289 2259 1341 neu
2324 1255 2684 1373 pericula
2740 1258 2880 1340 sua
2938 1259 3276 1344 miscere
3330 1289 3519 1343 cum
3573 1261 3786 1344 sorte
3843 1246 4197 1343 damnati
4260 1291 4312 1335 a>

1550 1390 1944 1473 hortatur.
1983 1387 2461 1495 Arriamque
2499 1408 2946 1468 tentantem
2977 1388 3245 1469 mariti
3269 1386 3637 1500 suprema
3659 1446 3687 1489 ,
3732 1393 3816 1470 ὃ(
3853 1377 4326 1500 exemplum

1549 1516 1798 1597 Arri'ae
1838 1514 2111 1598 matris
2146 1512 2367 1620 sequi
2413 1522 2436 1557 ¹
2469 1570 2499 1614 ‚
2539 1536 2824 1596 monet
2850 1569 2880 1615 ,
2924 1544 2970 1586 «
3004 1514 3353 1595 retinere
3383 1516 3633 1600 vitam
3658 1572 3688 1619 ,
3723 1509 4063 1623 filiaeque
4096 1540 4324 1597 com-

1539 1675 1600 1734 >2
1619 1643 1845 1728 muni
1882 1636 2309 1722 subsidium
2348 1639 2683 1723 unicum
2726 1668 2895 1721 non
2934 1637 3286 1724 adimere
3330 1674 3419 1723 ».

1679 1767 2081 1850 XXXV.
2145 1764 2382 1846 TUM
2433 1763 2877 1878 progress‘us
2931 1767 3015 1847 in
3056 1768 3521 1880 porticum,
3577 1762 3752 1850 illic
3792 1796 3838 1849 a
3881 1764 4257 1875 quaestore
4287 1768 4319 1806 ²
4386 1788 4475 1847 ιο

1552 1896 1947 2009 reperitur
1968 1952 1997 1996 ‚
2039 1890 2325 1975 laetitiae
2366 1894 2749 2006 propior,
2797 1893 2981 2001 quia
3017 1890 3500 1977 Helvidium
3529 1952 3558 1994 ,
3599 1921 3988 2005 generum
4030 1890 4260 1972 suum
4294 1948 4325 1993 ,

1554 2019 1792 2104 Italia
1840 2026 2152 2104 tantum
2190 2019 2440 2102 arceri
2487 2046 3012 2130 cognoverat.
3057 2021 3436 2135 Accepto
3475 2020 3771 2104 dehinc
3817 2016 4328 2101 senatuscon-

1553 2144 1772 2230 sulto
1800 2206 1828 2248 ,
1879 2143 2360 2230 Helvidium
2400 2152 2483 2227 ὃς
2525 2143 3041 2227 Demetrium
3077 2148 3160 2227 in
3206 2142 3679 2229 cubiculum
3722 2145 4078 2228 inducit:
4132 2171 4326 2257 por-

1552 2272 1939 2382 reffisque
1975 2270 2382 2380 utriusque
2415 2265 2727 2351 brachii
2766 2270 2989 2351 venis
3026 2278 3048 2326 ³
3081 2328 3109 2373 ,
3149 2272 3562 2382 postquam
3595 2299 3968 2353 cruorem
3996 2269 4282 2352 effudit
4294 2290 4328 2371 ‚'

1554 2400 1907 2480 humum
1940 2397 2174 2511 super
2219 2394 2594 2508 spargens
2629 2452 2658 2494 ,
2724 2396 3049 2507 propius
3122 2422 3422 2479 vocato
3475 2397 3849 2507 quaestore
3881 2454 3910 2499 ,
3965 2428 4011 2469 ‹<
4073 2393 4320 2478 Libe-
4382 2417 4486 2500 15>

1550 2557 1598 2601 :a
1616 2552 1792 2605 mus
1822 2558 1868 2599 >>
1884 2583 1912 2626 ,
1942 2523 2202 2632 inquit
2227 2579 2256 2623 ‚
2277 2554 2321 2595 «
2345 2522 2395 2612 J
2398 2521 2535 2603 ovi
2563 2515 3301 2634 liberatori.Spe&a
3322 2581 3350 2623 ,
3380 2518 3738 2629 juvenis:
3777 2528 3861 2605 ὃ(
3885 2550 4133 2605 omen
4156 2523 4330 2633 qui·

1552 2650 1805 2733 »dem
1844 2649 1956 2732 dii
1998 2645 2530 2761 prohibeant3
2581 2651 2937 2728 ceterum
2976 2650 3061 2729 in
3110 2676 3203 2730 ea
3253 2673 3619 2763 tempora
3669 2673 3900 2732 natus
3951 2677 4033 2731 es
4059 2707 4085 2750 ,
4151 2649 4327 2757 qui-

1554 2774 1768 2858 »bus
1813 2776 2121 2857 firmare
2163 2775 2525 2856 animum
2566 2771 2943 2885 expediat
2988 2771 3532 2858 constantibus
3581 2769 3976 2888 exemplis
4018 2808 4104 2856 ιο.
4141 2775 4325 2858 Post

1553 2900 2044 2984 lentitudine
2108 2898 2367 2983 exitus
2445 2926 2728 3011 graves
2807 2901 3211 2989 cruciatus
3262 2899 3673 2993 adferente
3715 2960 3747 3008 ‚
3823 2897 4165 2986 obversis
4234 2902 4321 2982 in

1555 3027 2076 3113 Demetrium
2119 3035 2159 3086 ⁴
2162 3083 2626 3112 ......
4371 3046 4484 3113 2o.

1547 3276 1670 3336 XX
1687 3321 1707 3348 ,
1738 3275 1930 3338 NON
1955 3275 2461 3340 PRAECEPTOR
2482 3275 2674 3340 VERI
2696 3319 2716 3349 ,
2747 3275 2899 3342 SED
2983 3277 3126 3340 cium
3144 3277 3356 3361 ‚deeffetz

1550 3354 1853 3416 TESTIS.
1934 3358 2142 3431 Quem
2216 3355 2421 3417 vitum
2477 3353 2895 3431 acerrimum,
3064 3370 3081 3398 ¹
3129 3361 3497 3419 Exnmum
3529 3355 3758 3417 Anam
3803 3372 4033 3416 nanus
4085 3358 4329 3438 sssQm']

1549 3432 1624 3495 &
1650 3449 1871 3494 contra
1905 3432 2121 3496 omnia
2159 3449 2388 3496 natura:
2425 3430 2722 3495 desideria
2750 3453 2897 3513 pug-
2980 3440 3275 3516 Suprema
3316 3433 3504 3495 Arriae
3537 3434 3749 3513 matris
3786 3432 3910 3494 fata
3943 3432 4333 3495 narravimus

1548 3525 1808 3572 nantem
1832 3557 1851 3585 ,
1900 3515 2044 3572 c'um
2094 3511 2203 3574 ubi
2252 3533 2328 3574 ue
2364 3557 2384 3584 ,
2438 3526 2573 3572 tum
2621 3511 2896 3574 maxime
2979 3515 3047 3576 in
3085 3514 3537 3595 Supplemento
3567 3511 3949 3588 Annal.1X‚
3974 3529 4055 3589 40
4087 3552 4108 3583 ,
4133 3531 4208 3590 4¹
4257 3512 4330 3576 δε

1549 3588 1765 3651 laudat
1819 3588 1888 3649 in
1959 3589 2126 3652 libro
2247 3611 2280 3652 e
2340 3588 2673 3652 Beneficiis
2729 3592 2845 3654 vll
2874 3637 2893 3664 ,
2976 3616 3082 3672 42.

1549 3671 1613 3734 8.
1657 3664 1850 3726 Paullo
1919 3670 2050 3726 ante
2091 3665 2442 3728 Demetrium
2495 3669 2658 3728 retuli
2681 3693 2702 3727 .-
2749 3689 2900 3749 quem
3057 3680 3081 3707 ²
3124 3675 3178 3735 A
3211 3693 3554 3748 QUAESTORE
3589 3672 3620 3748 ]
3662 3670 3718 3729 A
3760 3667 4056 3748 quaestore
4099 3665 4331 3731 consu-

1544 3743 1684 3806 mihi
1740 3743 1959 3807 videtur
2019 3764 2198 3806 rerum
2256 3764 2462 3806 natura
2529 3746 2725 3827 nostris
2790 3766 2901 3807 tu·
2977 3750 3075 3814 lis.

1543 3822 1659 3906 liffe
1689 3821 2051 3900 temporibus,
2106 3842 2170 3884 ut
2222 3824 2561 3905 ostenderet,
2597 3847 2699 3886 nec
2748 3824 2902 3886 illum
3057 3841 3078 3884 3
3125 3834 3492 3904 UTRmstz
3554 3848 3818 3891 mummi
3860 3826 4101 3902 verus]
4149 3825 4331 3887 Hanc

1546 3917 1590 3962 α
1630 3901 1788 3962 nobis
1826 3901 2093 3977 corrumpi
2117 3951 2137 3978 ,
2187 3924 2289 3965 nec
2337 3924 2440 3964 nos
2476 3903 2547 3963 ab
2583 3904 2690 3966 ullo
2728 3906 2902 3967 corri-
2976 3907 3168 3989 ipsam
3203 3910 3485 3977 Thraseae
3515 3921 3786 3967 mortem
3810 3922 4164 3965 memorans
4185 3906 4330 3965 Sue-

1536 3980 1814 4062 girff:
1864 3980 2040 4041 virum
2085 3982 2292 4042 εκαᾶω
2332 3981 2512 4056 (licet
2547 4000 2712 4066 neget
2744 3983 2897 4063 ἱρῇ)
2974 3989 3191 4051 tonius
3231 3988 3299 4048 in
3361 3989 3515 4046 Ner.
3561 3983 3880 4044 xxxvn.
3926 3980 4140 4043 addit:
4179 3978 4331 4042 Mori

1521 4058 1834 4142 sspientioe
1863 4083 1883 4118 .-
1900 4057 2190 4139 firmaeque
2217 4060 2277 4121 in
2309 4058 2429 4136 lais,
2463 4080 2581 4138 quae
2627 4063 2899 4140 proposuit
2965 4065 3117 4144 juffis
3140 4084 3250 4122 non
3293 4060 3569 4136 amplius,
3603 4062 3764 4137 quam
3801 4057 4077 4119 horarium
4082 4058 4328 4136 spatium

1545 4134 1907 4217 constantia.-
1943 4137 2259 4217 eloquentioe
2284 4141 2411 4198 ver-d
2453 4139 2572 4215 ejus
2594 4186 2614 4215 ,
2653 4160 2772 4220 quae
2808 4160 2899 4199 res
2973 4140 3145 4201 dabat
3165 4165 3185 4200 .-
3224 4159 3293 4198 ac
3334 4159 3404 4198 ne
3429 4134 3558 4216 quid
3583 4157 3748 4197 morae
3779 4137 4140 4198 interveniret
4160 4185 4180 4212 ,
4207 4156 4327 4196 me-

1525 4215 1676 4297 jbrti
1712 4236 1855 4275 imas
1884 4214 2113 4292 deceat,
2148 4236 2256 4276 non
2291 4215 2641 4277 concinnatae
2664 4264 2685 4293 ,
2711 4217 2894 4275 necin
2973 4217 3126 4279 dicos
3171 4215 3536 4292 admovebat,
3582 4214 3672 4297 qui
3713 4215 4033 4277 cunbiantes
4071 4215 4330 4275 continue}

1545 4316 1646 4358 ver
1682 4315 1717 4366 a
1744 4293 2032 4374 ssllicitae,
2071 4295 2174 4375 sed
2224 4295 2439 4376 ingenti
2476 4294 2659 4353 animo
2685 4340 2706 4369 ,
2736 4313 2897 4369 prout
2975 4316 3272 4360 curarent:
3318 4297 3403 4358 ita
3453 4295 3600 4357 enim
3631 4295 3869 4357 vocabat
3919 4313 4096 4357 venas
4137 4293 4330 4355 mortis

1544 4374 1781 4451 impetus
1815 4373 1941 4454 tulit
1962 4423 1982 4451 ,
2035 4394 2123 4439 res
2151 4372 2292 4455 ficas
2325 4372 2710 4451 prosequentis.
2746 4373 2897 4433 Huic
2969 4378 3165 4458 gratia
3196 4374 3461 4438 incidere.

1544 4475 1658 4514 non
1688 4452 1909 4527 dubito,
1943 4454 2071 4535 quin
2106 4452 2451 4530 providentia
2500 4449 2560 4510 Cr
2595 4449 2759 4511 talem
2798 4451 2895 4512 vi·
3052 4464 3088 4506 4
3128 4459 3457 4525 onvmtsrs
3499 4474 3562 4514 m
3587 4454 4048 4529 Duum-mun]
4102 4451 4330 4519 Cetera

1546 4549 1703 4608 tam,
1739 4531 1801 4593 cr
1828 4531 1995 4594 talem
2026 4532 2245 4595 dicendi
2275 4530 2608 4609 facultatem
2646 4527 2894 4605 dederit,
2978 4533 3239 4612 periere.
3297 4535 3460 4604 Vide
3519 4536 4030 4617 Supplementum
4093 4525 4329 4597 Annal-

1540 4629 1621 4690 rte
1658 4628 1756 4672 aut
1784 4612 2080 4693 exemplum
2089 4611 2277 4698 ficiclo
2321 4608 2531 4692 nqstw,
2560 4627 2659 4672 aut
2706 4611 2898 4673 couvi·
2974 4616 3148 4680 xvl.

2825 4769 3080 4864 ψψ

2892 4869 3181 4981 ψ.

3601 5082 4336 5178 BREVIARIUM
