4975 6149
795 317 1608 414 ANNALIUM
1691 318 2126 412 LIBER
2191 323 3200 424 DUODECIMUS.
3312 350 3420 447 65

650 499 955 583 Stetere
977 493 1065 574 in
1093 488 1332 573 armis
1355 488 1738 601 praetoriae
1763 492 2185 593 cohortes,
2214 522 2504 606 campo
2532 497 2668 606 qui
2695 500 2938 582 castra
2973 508 2994 546 ¹
3028 495 3419 613 praejaCet.
3467 528 3699 577 ΞΕ

648 625 856 707 Tum
884 682 914 723 ,
973 611 1543 701 incedentibus
1624 616 1865 728 regiis
1949 614 2347 701 clientelis
2386 677 2414 721 ,
2481 621 2819 732 phalerae
2879 628 3360 739 torquesque
3390 688 3419 732 ,
3468 610 3699 662 ⁸³⁹⁰·

652 776 979 862 quaeque
1043 743 1399 828 externis
1464 738 1701 826 bellis
1760 744 2211 853 quaesierat,
2259 744 2663 844 tradufita5
2706 780 2901 833 mox
2949 753 3226 839 fratres
3256 815 3285 858 ‚
3335 764 3419 840 ὅ(
3513 706 3663 867 ξοζ,

656 871 1020 983 conjunx
1043 932 1072 976 ‚
1102 880 1189 955 &
1218 865 1430 953 filia:
1470 871 1875 983 postremo
1920 870 2087 984 ipse
2134 872 2596 957 ostentatus.
2629 874 3107 960 Ceterorum
3138 911 3419 994 preces
3533 851 3635 982 ςὀ.

560 1015 599 1098 5
658 1004 1093 1114 degeneres
1145 998 1371 1080 fuere
1398 1054 1426 1098 ,
1501 1025 1603 1079 ex
1652 1022 1900 1082 metu.
1956 999 2072 1080 At
2122 1028 2291 1082 non
2344 999 2817 1085 Carafitacus
2857 1011 2942 1105 ²,
2995 1033 3129 1090 aut
3183 1007 3421 1091 vultu

658 1128 986 1214 demiffo
1015 1185 1045 1231 ‚
1091 1150 1230 1210 aut
1259 1120 1524 1207 verbis
1545 1184 1576 1227 ,
1606 1124 2239 1211 misericordiam
2284 1130 2693 1238 requirens
2718 1188 2748 1234 ,
2808 1126 2946 1213 ubi
2973 1130 3355 1218 tribunali
3385 1144 3410 1193 ³

664 1256 957 1341 adstitit
1008 1314 1035 1356 ,
1096 1254 1182 1334 in
1220 1253 1446 1335 hunc
1495 1249 1831 1333 modurn
1883 1248 2209 1338 locutus
2250 1256 2384 1338 est.

790 1377 1295 1464 XXXVII.
1375 1411 1421 1452 «
1461 1381 1562 1462 81
1619 1402 2028 1501 QUANsTA
2086 1378 2465 1465 nobilitas
2494 1389 2576 1466 ὃ(
2612 1381 2936 1468 fortuna
2978 1387 3179 1469 mihi
3207 1387 3362 1474 fuit
3387 1447 3420 1493 ,

664 1535 945 1592 »tanta
1004 1534 1271 1589 rerum
1315 1506 1869 1620 prosperarum
1927 1507 2377 1591 moderatio
2424 1508 2735 1611 fuisset,
2788 1513 3090 1596 amicus
3151 1518 3422 1629 potius

522 1671 609 1725 10
659 1638 807 1718 »in
853 1638 1065 1718 hanc
1104 1629 1464 1733 Urbem,
1504 1629 1743 1742 quam
1804 1660 2084 1747 captus
2135 1633 2563 1718 venissem:
2622 1665 2882 1746 neque
2942 1638 3422 1750 dedignatus

654 1762 912 1846 »effes
966 1758 1204 1844 claris
1254 1754 1686 1866 majoribus
1737 1787 2006 1845 ortum
2033 1821 2062 1864 ,
2110 1754 2467 1875 pluribus
2532 1761 2906 1873 gentibus
2957 1765 3420 1878 imperitan-

657 1916 949 1990 mem,
1015 1885 1317 1969 foedere
1385 1890 1606 1999 pacis
1653 1890 2049 2001 accipere.
2109 1888 2452 1971 Praesens
2524 1889 2693 1972 sors
2753 1919 2931 1972 mea
2968 1949 2995 1994 ,
3062 1918 3152 1975 ut
3214 1895 3421 1976 mihi

661 2046 715 2093 a>
734 2014 1125 2115 informis,
1156 2011 1260 2094 fic
1276 2010 1869 2125 tibimagnifica
1895 2012 2297 2098 estzhabui
2314 2044 2563 2124 equos
2580 2075 2607 2117 ,
2635 2017 2882 2118 virm,
2902 2026 3156 2120 arma,
3187 2049 3421 2133 opes:

662 2141 918 2252 »quid
946 2143 1240 2221 mirum
1262 2199 1290 2242 ,
1321 2139 1375 2219 sl
1399 2141 1567 2225 haec
1595 2142 1894 2224 invitus
1922 2141 2139 2223 amisi
2170 2143 2197 2220 ἒ
2227 2142 2474 2242 Non,
2507 2140 2558 2219 fi
2585 2170 2730 2222 vos
2760 2139 3130 2225 omnibus
3163 2147 3427 2259 impe-

518 2294 600 2374 15
662 2301 710 2345 >2
729 2271 960 2351 ritate
978 2264 1226 2351 vultis
1254 2325 1282 2368 ,
1308 2267 1661 2377 sequitur
1684 2293 1776 2351 ut
1791 2295 2073 2351 omnes
2098 2267 2567 2351 servitutem
2593 2268 3023 2380 accipiant.
3047 2271 3135 2354 Si
3166 2272 3426 2354 statim

663 2394 1043 2479 »deditus
1120 2393 1518 2492 traderer3
1598 2424 1861 2505 neque
1935 2425 2116 2479 mea
2176 2394 2500 2479 fortuna
2537 2452 2565 2496 ,
2639 2422 2901 2503 neque
2963 2419 3101 2478 tua
3165 2394 3425 2509 gloria

661 2518 1240 2605 »inclaruisset
1292 2517 1804 2636 Supplicium
1855 2523 2017 2605 mei
2056 2531 2094 2581 4
2134 2517 2443 2605 oblivio
2496 2519 2907 2629 sequetur:
2951 2547 3033 2606 at
3081 2521 3137 2601 s1
3190 2524 3428 2608 inco-

660 2647 1032 2732 »lumem
1077 2648 1509 2733 servaveris
1534 2705 1564 2751 ‚
1605 2674 1986 2732 aeternum
2038 2645 2450 2762 exemplar
2497 2642 2941 2731 clementiae
2991 2677 3132 2733 ero
3168 2684 3255 2732 ».
3294 2647 3431 2735 Ad

669 2805 760 2859 ea
806 2775 1065 2860 Caesar
1112 2777 1430 2858 veniam
1493 2776 1794 2888 ipsique
1824 2833 1850 2878 ‚
1914 2784 1998 2860 &
2052 2770 2438 2885 conjugi,
2513 2780 2597 2856 ὅ(
2653 2772 3081 2877 fratribus,
3116 2773 3426 2859 tribuit.

521 2932 625 2985 20
676 2904 939 3012 Atque
1003 2898 1125 2984 illi
1147 2962 1175 3004 ,
1212 2899 1505 2986 vinclis
1531 2899 1930 3007 exsoluti,
1961 2903 2497 3015 Agrippinam
2529 2928 2848 3010 quoque
2890 2901 3104 2985 haud
3136 2896 3428 3015 procul

676 3024 840 3113 alio
869 3028 1228 3141 suggestu
1261 3028 1785 3145 conspicuam
1808 3090 1837 3133 ‚
1864 3029 2147 3115 iisdem
2167 3089 2196 3132 ,
2230 3025 2515 3140 quibus
2533 3026 3032 3140 -Principem,
3060 3023 3429 3114 laudibus

674 3154 1180 3268 gratibusque
1216 3159 1573 3241 venerati
1605 3158 1810 3240 sunt.
1840 3157 2180 3239 Novum
2207 3155 2392 3239 sane
2422 3163 2449 3219 ⁵
2479 3214 2507 3256 ,
2539 3161 2622 3236 ὃ(
2664 3151 3019 3236 moribus
3060 3181 3428 3239 veterum

668 3281 1125 3386 insolitum,
1151 3284 1531 3366 feminam
1557 3284 1792 3395 signis
1822 3282 2216 3367 Romanis
2244 3279 2672 3392 praefidere.
2702 3277 2882 3391 Ipsa
2925 3278 3174 3361 semet
3219 3282 3429 3393 parti

670 3440 716 3494 a
752 3406 1187 3518 majoribus
1212 3410 1368 3494 suis
1410 3412 1729 3525 imperii
1772 3410 2074 3495 sociam
2112 3403 2149 3452 ⁶
2193 3402 2523 3489 ferebat.

751 3588 771 3618 ¹
801 3579 897 3642 CA
908 3597 1036 3643 nvo
1062 3602 1171 3655 qm
1201 3585 1490 3659 casnm]
1514 3579 1644 3657 Qui
1659 3579 1844 3644 castra
1865 3600 2013 3659 pra&
2088 3574 2283 3640 inhac
2309 3574 2603 3660 oratio-ne
2631 3571 3019 3658 negligenter
3039 3575 3198 3639 dieta
3218 3575 3431 3652 imperi-

671 3656 835 3722 toria
885 3661 1102 3722 Romae
1142 3662 1445 3739 prae'acet.
1488 3659 1651 3724 Vide
1699 3662 1899 3723 Notas
1942 3660 2012 3723 δε
2090 3674 2334 3719 tantem.
2359 3700 2413 3720 ..
2440 3656 2845 3731 imperitare...
2850 3656 3099 3737 sequitur
3122 3699 3168 3717 ..
3195 3702 3211 3720 .
3226 3658 3431 3738 seque-
3483 3695 3489 3701 -

670 3738 1161 3802 Emendationes
1195 3758 1229 3801 a
1301 3739 1527 3801 Annal.
1566 3740 1685 3800 XII
1704 3783 1725 3812 ,
1774 3745 1870 3815 36.
2090 3755 2202 3796 tur.

684 3831 685 3836 ’
748 3827 774 3856 ²
818 3821 916 3879 Ατ
939 3840 1068 3881 non
1088 3817 1517 3881 Canacracus
1540 3818 1569 3893 ]
1592 3820 1644 3878 E
1685 3817 1854 3898 regie
1877 3815 2016 3897 qui·
2120 3831 2133 3834 ’
2174 3824 2193 3871 5
2240 3816 2346 3878 No
2358 3834 2504 3881 vum
2528 3831 2681 3876 sauz
2703 3812 2732 3889 ]
2753 3814 2891 3876 Nec
2912 3811 3140 3878 mirum
3160 3860 3181 3891 ,
3204 3811 3433 3886 hebete

673 3895 839 3958 dem.
866 3895 1130 3977 Egregie
1154 3918 1175 3973 ;
1199 3896 1268 3960 &
1289 3896 1366 3957 ad
1390 3896 1624 3978 regiam
1685 3895 2014 3977 ignitatem
2090 3892 2320 3956 marito
2339 3938 2358 3967 ,
2392 3891 2730 3956 ambitiosa
2752 3912 2974 3956 uxore.

676 3971 975 4037 invielatn
1022 3996 1102 4037 ue
1130 3974 1539 4038 constantiam
1570 3974 2016 4039 accommoda·
2167 3975 2195 4013 ⁶
2227 3974 2492 4034 Inrsnu
2542 3993 2783 4035 secum
2813 3973 2843 4047 ]
2902 3974 3058 4034 Non
3122 3972 3319 4037 modo
3371 3969 3433 4034 se

676 4057 763 4117 te.
786 4055 979 4133 Inexp
1008 4053 1245 4146 ebilem
1258 4056 1692 4140 Romanorum
1713 4054 2018 4145 cupidita·
2092 4049 2342 4131 imperii
2370 4049 2604 4114 sociam
2634 4049 2872 4116 ferebat
2889 4097 2908 4125 ‚
2940 4048 3044 4112 sed
3067 4052 3257 4116 talem
3281 4070 3436 4138 quo-

680 4146 831 4221 tem·
856 4148 1055 4213 arguit
1096 4131 1266 4195 idern
1308 4133 1692 4224 Caraetacus.
1742 4132 2016 4213 Visoque
2093 4150 2215 4271 que
2231 4129 2505 4192 habuere
2521 4147 2736 4210 gentes
2770 4144 3030 4219 exte-rae,
3058 4148 3129 4192 ac
3160 4131 3434 4220 mantne

682 4211 865 4272 Urbis
884 4210 1214 4291 splendore
1238 4212 1788 4292 &amplitudine‚
1813 4210 2015 4288 Itane,
2141 4210 2404 4273 olemon
2437 4208 2534 4284 11,
2584 4229 2695 4271 rex
2741 4211 3071 4279 Ponticus,
3117 4226 3290 4284 cujus
3337 4225 3435 4265 m·-

677 4387 720 4427 η
799 4387 865 4426 ra
886 4366 1158 4466 tuguriola
1197 4367 1573 4449 concupiscitis
1602 4371 1634 4430 ?
1674 4368 1808 4431 Εἶτα
1827 4413 1847 4444 ,
1876 4369 1972 4446 ’ἔφη
1996 4413 2016 4444 ,
2056 4369 2061 4374 ’
2097 4369 2152 4430 C
2179 4412 2195 4429 .
2214 4366 2508 4441 Pellena,
2526 4363 2753 4426 Recueil
2778 4361 2843 4424 de
2855 4360 3152 4422 Me'dailles
3173 4358 3239 4420 de
3254 4358 3391 4421 Rois
3411 4407 3435 4438 ,

674 4455 960 4522 aarum
980 4445 1050 4508 τὶ
1077 4457 1288 4508 τοιαῦτα
1311 4449 1620 4527 κεκτημένοι,
1644 4456 1738 4510 τὸν
1761 4448 2021 4518 σκηνιδῖὐν
2097 4466 2232 4527 pag.
2267 4451 2337 4508 18
2389 4490 2403 4504 .
2436 4447 2529 4506 Ex
2559 4442 2683 4506 uni
2717 4457 2885 4522 parte
2916 4439 3438 4518 caput-Polemo·-

673 4533 811 4603 ψει
847 4529 1165 4603 ὶπιθνμεῒπ.
1187 4530 1462 4590 Zonaras
1523 4547 1619 4618 ag.
1648 4533 1785 4600 566.
2098 4524 2193 4586 nis
2219 4524 2321 4585 dia
2367 4531 3061 4596 ematum,u>:1Amz
3102 4531 3437 4580 ΠΟΛΕΜΩ-

727 4615 779 4693 ·3
835 4606 1255 4682 Tamumm]
1314 4606 1411 4668 De
1526 4603 1800 4673 tibunali
1864 4603 2016 4683 saepe
2098 4616 2215 4664 No,
2263 4601 2356 4664 Ex
2398 4599 2627 4690 altera,
2687 4599 3107 4689 diadematum
3182 4618 3440 4679 quoque

676 4682 932 4752 dictum.
972 4683 1139 4748 Vide
1183 4685 1410 4747 Annal.
1448 4687 1512 4761 Ι,
1565 4689 1659 4747 18.
2100 4695 2282 4758 caput
2300 4681 2691 4757 Agrippinae,
2719 4687 3050 4740 ΕΤΟΥΣΙΕ.
3081 4676 3148 4738 1d
3171 4676 3251 4742 est
3267 4698 3440 4740 anno

700 4825 707 4828 ,
758 4763 1195 4850 ⁴§urrt1crun
1223 4767 1524 4844 Μ,ει]8ιιρ
1572 4761 1790 4825 licium
1811 4777 2022 4848 meum
2103 4756 2351 4846 decimo
2380 4753 2606 4838 quinto
2645 4753 3006 4818 Polemonis
3025 4803 3045 4834 ,
3071 4755 3181 4839 qui
3215 4755 3442 4823 incidit

680 4835 935 4904 obhvio
966 4839 1271 4920 sequetur·
1295 4842 1479 4909 Haud
1518 4785 2022 4908 {immulaverim
2105 4856 2173 4902 m
2211 4852 2448 4908 annum
2486 4834 2566 4899 U·
2593 4833 2670 4901 C·
2706 4854 2980 4906 Deccw·

932 4925 1144 5013 Tom.
1206 4928 1321 5016 II.
1700 5017 1729 5030 J
3007 4919 3051 5004 I

682 4289 755 4352 in
802 4288 893 4352 uit
919 4332 940 4363 ,
986 4290 1106 4350 cram
1132 4288 1249 4351 hoec
1297 4287 1359 4350 ὓ·
1393 4289 1686 4370 hujufinodi
1727 4288 2017 4367 habeatis,
2094 4286 2134 4349 fi
2181 4308 2327 4351 nem
2365 4306 2696 4349 nummum
2753 4302 3121 4365 argenteum
3169 4282 3435 4362 protulit

725 4387 755 4426 o
