4975 6149
858 362 1523 458 ANNALIUM
1582 362 1923 455 LIBER
2000 364 2507 455 DECIMUS
2572 369 3102 462 TERTIUS.
3271 410 3301 461 1
3323 409 3372 466 0
3397 413 3427 464 1

650 524 1074 620 »tiochum
1110 542 1133 580 ¹
1192 529 1579 645 expedire
1629 533 1952 646 copias,
2004 528 2176 640 quis
2232 532 2718 618 Parthorum
2771 538 2967 623 fines
3023 534 3248 622 ultro
3307 542 3432 624 in-
3480 578 3711 623 Ξ

645 646 1061 766 »trarentj
1110 654 1353 766 simul
1396 681 1683 771 pontes
1752 687 1893 771 per
1944 687 2261 741 amnem
2304 655 2774 771 Euphraten
2822 661 3081 776 jungi.
3124 663 3233 748 Et
3276 668 3427 749 mi·
3477 654 3705 709 ΜΝ·

646 818 983 873 »norem
1047 785 1532 869 Armeniam
1593 779 2056 869 Aristobulo
2123 791 2154 827 ²
2192 843 2222 887 ‚
2284 786 2706 894 regionem
2769 789 3211 903 Sophenen
3267 795 3421 875 So-
3514 746 3664 908 ξοζ

649 918 948 999 »hemo
985 924 1007 972 ³
1061 942 1254 998 cum
1286 908 1726 1021 insignibus
1775 911 2012 1021 regiis
2045 945 2090 986 >2
2161 911 2511 993 mandat.
2549 909 3060 1022 Exortusque
3088 918 3172 997 in
3218 943 3421 1000 tem-
3537 961 3641 1023 54·

493 1083 512 1094 -
545 1071 593 1157 5
653 1073 836 1158 pore
883 1036 1214 1123 aemulus
1271 1033 1701 1147 Vologeso
1742 1046 1848 1137 4,
1896 1033 2106 1119 filius
2144 1037 2587 1124 Vardanes.
2639 1037 2747 1121 Et
2789 1036 3217 1140 abscessere
3266 1045 3419 1124 Ar-

650 1164 908 1254 menia
943 1166 1260 1268 Parthi,
1299 1188 1714 1272 tamquam
1772 1161 2186 1248 differrent
2233 1160 2568 1248 bellum.

769 1293 1039 1380 VIII.
1102 1295 1293 1375 SED
1347 1288 1564 1403 apud
1609 1289 1971 1372 senatum
1999 1290 2272 1373 omnia
2299 1292 2384 1371 in
2426 1286 2681 1397 majus
2726 1288 3129 1378 celebrata
3172 1293 3358 1379 sunt
3390 1351 3425 1399 9

658 1412 1063 1517 sententiis
1098 1446 1381 1501 eorum
1411 1475 1439 1518 ,
1495 1417 1633 1526 qui
1695 1412 2400 1529 «supplicationes
2437 1426 2463 1483 5
2492 1477 2522 1521 ‚
2582 1426 2664 1501 ὃ(
2717 1417 2994 1503 diebus
3031 1418 3422 1534 supplica-

660 1551 1026 1630 »tionum
1069 1547 1367 1628 vestem
1414 1543 1780 1655 Principi
1828 1540 2398 1656 triumphalem
2430 1601 2457 1645 ,
2513 1571 2761 1654 utque
2819 1575 3067 1630 ovans
3119 1544 3424 1629 Urbem

511 1704 613 1765 10
659 1707 698 1749 »
716 1675 994 1775 iniret,
1042 1669 1510 1781 effigiesque
1556 1655 1728 1775 ejus
1765 1669 1937 1781 pari
1964 1669 2520 1780 magnitudine
2551 1702 2645 1754 ac
2688 1671 2978 1755 Martis
3008 1669 3312 1757 Ultoris
3343 1671 3423 1778 ⁶,

653 1798 1009 1883 »eodem
1057 1798 1141 1878 in
1196 1792 1573 1910 templo»
1601 1854 1631 1898 ‚
1706 1794 2086 1884 censuere
2124 1829 2142 1876 :
2189 1823 2469 1909 praeter
2522 1797 2825 1881 suetam
2874 1794 3440 1906 adulationemv

657 1923 810 2008 laeti
841 1984 869 2027 ,
926 1922 1143 2035 quod
1183 1923 1647 2006 Domitium
1700 1918 2259 2006 Corbulonem
2313 1924 2746 2008 retinendae
2791 1924 3190 2007 Armeniae
3232 1955 3431 2039 prae-

666 2051 1030 2164 posuerat
1076 2083 1095 2131 :
1138 2048 1717 2170 videbaturque
1768 2044 2002 2133 locus
2060 2047 2487 2131 virtutibus
2562 2050 2993 2163 patefaRus
3048 2060 3108 2132 ⁷.
3146 2050 3422 2165 Copiae

662 2179 1017 2261 Orientis
1054 2178 1167 2259 ita
1207 2176 1727 2277 dividuntur,
1776 2200 1867 2254 ut
1916 2203 2090 2288 pars
2148 2172 2656 2258 auxiliarium
2709 2206 2894 2259 cum
2946 2173 3250 2260 duabus
3305 2174 3426 2260 le·-

518 2330 603 2410 15
659 2301 1026 2416 gionibus
1071 2303 1284 2416 apud
1328 2302 1829 2417 provinciam
1869 2302 2182 2412 Syriam
2211 2360 2238 2403 ,
2294 2309 2378 2384 &
2428 2298 2787 2414 legatum
2829 2298 2997 2410 ejus
3053 2302 3427 2414 Quadra-

655 2457 821 2514 tum
860 2428 1363 2514 Ummidium
1397 2423 1427 2473 ⁸
1444 2488 1472 2531 ,
1504 2453 1994 2525 remaneret3
2046 2458 2184 2542 par
2215 2429 2518 2511 civium
2550 2429 3113 2539 sociorumque
3157 2458 3430 2513 nume-

653 2588 778 2641 rus
811 2553 1280 2641 Corbuloni·
1302 2555 1493 2669 ess‘et
1513 2614 1543 2658 ‚
1584 2554 1870 2639 additis
1911 2550 2381 2639 cohortibus
2422 2551 2762 2665 alisque,
2790 2585 2958 2666 quae
2985 2554 3195 2668 apud
3221 2556 3434 2670 Cap-
3511 2596 3527 2626 ι

643 2684 1082 2797 ¹padociam
1125 2678 1613 2765 hiemabant.
1662 2683 1891 2765 Socii
1932 2710 2210 2791 reges,
2264 2708 2507 2794 prout
2574 2679 2801 2771 bello
2876 2681 3430 2786 conduceret,

662 2810 932 2923 parere
1003 2806 1201 2918 juffi.
1259 2809 1423 2893 Sed
1480 2808 1729 2893 studia
1798 2837 2080 2892 eorum
2143 2810 2230 2894 in
2296 2806 2857 2896 Corbulonem
2925 2810 3434 2925 promptiora

751 3088 772 3117 ¹
819 3079 1261 3156 Aru-iocatur]
1317 3081 1557 3170 Regem
1625 3080 2003 3219 Commage-
2077 3078 2360 3161 princeps
2384 3094 2514 3143 erat
2543 3077 3071 3144 Carcathiocerta.
3105 3077 3268 3143 Vide
3296 3076 3428 3142 loc.

671 3176 765 3220 nae
786 3204 807 3235 ,
830 3157 906 3221 de
937 3179 1063 3239 quo
1094 3160 1265 3239 plura
1293 3160 1569 3221 diximus
1592 3159 1818 3222 Annal.
1845 3162 1899 3221 X
1933 3164 1998 3236 1,
2079 3160 2188 3222 cit.
2232 3163 2572 3222 Stemmata
2629 3160 2958 3222 Herodum
3005 3160 3076 3221 &
3118 3155 3429 3220 Sohemo-

669 3255 772 3352 55²:
811 3276 1273 3407 Aizi-srossuto]
1311 3314 1620 3391 HerodiS,
1661 3312 1820 3403 regis
1843 3314 2002 3377 olim
2077 3254 2591 3407 rumvgpgidnsrg
2604 3322 2629 3385 J
2651 3239 2960 3388 ςνῖζτεῖὲε,
3012 3325 3083 3374 ut
3128 3310 3386 3372 videtur
3409 3359 3432 3388 ,

665 3389 974 3457 Chalcidis
1004 3441 1025 3469 ,
1075 3393 1239 3456 filio.
1293 3393 1544 3473 Joseph.
1596 3396 1811 3474 Antiq.
1859 3394 2000 3455 Jud.
2080 3396 2297 3458 dixere
2369 3393 2657 3476 Vologefts
2693 3437 2715 3467 ‚
2773 3386 3023 3472 Vologesi
3053 3436 3074 3465 ,
3123 3386 3469 3478 Volpgff),-

663 3470 823 3548 XX,
868 3477 926 3535 8.
962 3474 1032 3536 δε
1067 3473 1146 3534 de
1173 3472 1353 3535 Bello
1381 3473 1522 3549 Jud.
1566 3473 1666 3548 11,
1706 3491 1799 3549 13.
1839 3471 2004 3536 Vide
2082 3472 2402 3555 Vologesen.
2454 3475 2551 3537 De
2601 3469 2919 3550 Vologeso
2987 3468 3141 3548 saepe
3187 3468 3428 3530 dietum

667 3547 792 3612 loc.
840 3550 946 3613 cit.
976 3555 1249 3615 Stemma
1282 3552 1610 3614 Herodum
1632 3597 1652 3627 ‚
1693 3571 1865 3613 num.
1901 3573 2002 3629 27.
2080 3553 2249 3617 libro
2287 3552 2515 3632 priore.
2542 3550 2708 3616 Vide
2737 3551 2807 3613 &
2835 3552 3172 3612 Canonem
3208 3565 3431 3626 regum

745 3639 769 3682 ³
811 3632 1137 3692 Somnum
1161 3634 1480 3708 SounMo]
1505 3629 1810 3694 Sohemus
1836 3629 2005 3692 idem
2082 3631 2450 3698 Parthorum
2481 3631 2550 3692 in
2594 3628 2783 3693 Notis
2831 3629 2901 3694 &
2937 3623 3431 3690 Emendationi-

649 3708 905 3788 prorsus
956 3708 1117 3770 mihi
1167 3709 1462 3785 videtur,
1521 3729 1592 3772 ac
1658 3708 2004 3785 Sohemus,
2080 3713 2197 3775 bus
2227 3711 2306 3772 ad
2337 3710 2564 3772 Annal.
2596 3710 2695 3784 11,
2749 3729 2803 3769 1.
3452 3730 3459 3737 “

660 3806 853 3927 ῗιιεῐη
891 3788 1036 3852 Jose
1083 3786 1195 3850 hus
1221 3787 1440 3869 Antiq.
1475 3788 1615 3850 Jud.
1647 3788 1798 3863 XX,
1838 3794 1894 3850 8.
1917 3787 2006 3850 ait

689 3866 981 3929 uccess'iffe
1074 3867 1190 3929 atri
1230 3865 1341 3928 suo
1371 3865 1608 3941 Azizo,
1643 3867 2007 3944 Emesorum

661 3943 816 4023 regi.
873 3945 1129 4008 Scilicet
1165 3944 1439 4007 Sohemo
1470 3993 1489 4021 ,
1542 3947 1772 4008 Ituraeae
1817 3966 1960 4036 rege
1988 3993 2007 4021 ,

659 4038 919 4085 mortuo
954 4044 1122 4085 anno
1167 4026 1239 4084 U.
1270 4025 1346 4086 C.
1372 4047 1593 4088 ncccn
1617 4072 1636 4100 ‚
1677 4039 1783 4086 aut
1819 4040 2009 4087 etiam

667 4101 858 4187 paulo
885 4106 1066 4177 ante,
1109 4104 1325 4165 Ituraea
1369 4103 1584 4166 addita
1616 4104 1698 4165 est
1738 4103 2007 4182 provin-

2166 3788 2780 3863 §SUPPLICATIONESJ
2797 3783 2958 3851 Vide
2978 3783 3300 3858 Annal.11‚
3328 3799 3434 3860 32.

2162 3871 2192 3909 ⁶
2233 3870 2490 3930 Maru-is
2531 3869 2862 3943 Uvroius]
2899 3866 3092 3928 Cu'us
3117 3864 3274 3926 aedes
3297 3878 3434 3927 erat

2085 3946 2154 4009 in
2181 3947 2329 4011 VIII
2350 3945 2533 4009 Urbis
2561 3944 2822 4025 regione
2840 3991 2862 4019 ,
2887 3945 2955 4006 &
3017 3964 3132 4006 oro
3154 3940 3432 4024 Augusti.

2165 4037 2192 4080 ⁷
2236 4028 2453 4089 Locus
2518 4042 2909 4091 vinrurinus
2979 4040 3373 4086 uranei-us
3395 4024 3433 4097 J

2086 4104 2425 4168 Multarum
2455 4104 2763 4167 virtutum
2786 4150 2803 4175 ,
2824 4122 2941 4164 nec
2963 4100 3283 4165 veteribus
3309 4099 3435 4158 im-

668 4196 782 4238 ciae
823 4179 1012 4257 Syriae
1036 4225 1055 4253 ,
1097 4194 1167 4241 ut
1201 4180 1431 4243 dietum
1464 4182 1545 4245 est
1576 4182 1802 4244 Annal.
1847 4184 2008 4258 XII,

665 4273 773 4330 23.
804 4254 1032 4317 Datum
1061 4260 1211 4320 vero
1251 4259 1445 4322 Azizo
1469 4307 1488 4333 ‚
1522 4260 1779 4324 Sohemi
1824 4260 1962 4325 filio
1990 4309 2009 4337 ,

664 4332 1036 4396 Emesorum
1098 4354 1377 4413 regnum.
1444 4338 1633 4404 Azizo
1713 4338 2007 4404 defuneto

664 4430 841 4474 anno
877 4415 953 4474 U.
1010 4412 1085 4474 C.
1144 4435 1447 4491 ncccvn,
1486 4417 1754 4482 successit
1816 4418 2011 4483 Sohe-

664 4510 804 4552 mus
845 4488 1061 4553 frater.
1106 4492 1189 4553 At
1246 4495 1460 4567 Nem,
1499 4512 1567 4558 ut
1605 4498 1895 4560 advers'us
1931 4497 2014 4559 ir'-

667 4584 916 4632 ruentes
950 4568 1206 4632 Parthos
1247 4571 1607 4635 Armeniam
1647 4575 1871 4638 certius
1907 4577 2012 4639 de-

2086 4185 2476 4264 peratoribus
2516 4183 2715 4263 impar
2752 4178 2874 4245 fuit
2913 4179 3227 4243 Corbulo.
3273 4177 3433 4264 Non

2087 4265 2286 4328 mode>
2315 4265 2379 4326 su
2424 4262 2618 4343 plices
2643 4281 2856 4342 regeS,
2886 4273 3226 4348 regumque
3270 4252 3436 4316 libe—

2089 4363 2192 4404 ros
2232 4342 2365 4407 obfi
2414 4362 2476 4404 es
2517 4345 2786 4406 Romam
2827 4336 3031 4399 misit:
3087 4348 3150 4394 at
3200 4345 3451 4420 naturae.
3486 4400 3505 4419 N

2087 4419 2275 4483 solers
2325 4420 2658 4501 indagator
2700 4436 2920 4481 omnes
2962 4412 3096 4473 illas
3133 4427 3433 4499 regiones

2088 4499 2274 4561 anxia
2330 4496 2476 4562 cura
2528 4492 2939 4578 perquisivit,
2997 4489 3067 4551 &
3129 4487 3434 4551 Romanis

2089 4592 2269 4639 notas
2310 4575 2485 4639 fecit.
2517 4575 2683 4641 Vide
2724 4570 2998 4635 Plinium
3032 4566 3130 4636 Π,
3170 4586 3291 4644 70,
3328 4570 3385 4630 V
3411 4612 3439 4644 ,

669 4645 957 4710 senderet
980 4695 998 4721 ,
1032 4650 1394 4712 Armeniam
1423 4650 1735 4714 minorem
1772 4655 2011 4718 Aristo·
2093 4676 2194 4729 24.
2233 4656 2355 4724 VI,
2403 4658 2465 4713 8.

672 4723 824 4786 bulo
884 4725 1098 4803 dedit;
1139 4727 1418 4791 Sohemo
1452 4728 1823 4819 Sophenen,
1878 4753 2014 4812 quae

2175 4731 2201 4770 ⁸
2261 4734 2691 4804 QUADRATUM
2750 4723 3187 4797 Unmmuu]
3244 4717 3445 4780 Praefi-

674 4819 808 4878 pars
848 4804 927 4891 est.
964 4808 1274 4868 Armeniae
1310 4808 1564 4883 majoris
1603 4809 1906 4885 occidua,
1947 4811 2018 4872 Sc
2097 4806 2486 4885 demSyriae,
2518 4810 2596 4873 de
2619 4828 2747 4888 quo
2774 4804 3009 4871 dietum
3033 4797 3456 4872 Annal.x11›

676 4878 983 4944 Armeniae
1031 4883 1270 4950 minori
1329 4885 1635 4953 finitima:
1694 4891 1836 4953 urbs
1883 4889 2015 4968 ejus
2099 4902 2202 4967 45·
