4975 6149
907 331 1564 423 ANNALIUM
1624 330 1973 420 LIBER
2039 331 2554 425 DECIMUS
2622 330 3166 459 QUINTUS.
3281 380 3465 453 207

660 502 1191 596 Numantina:
1225 493 1482 582 cladis
1525 507 1548 542 ¹
1582 529 1599 578 ε
1642 529 1689 572 (ι
1716 498 2016 609 Neque
2042 498 2411 584 eamdem
2439 504 2609 584 vim
2642 512 2673 548 ²
2704 507 3207 594 Samnitibus
3236 569 3264 615 ,
3305 513 3469 597 Ita-
3514 541 3751 589 -=·--=3⁵

659 630 897 717 »lico
955 621 1276 745 populo
1325 681 1357 727 ,
1418 647 1557 707 aut
1583 624 1912 729 Poenis,
1942 626 2299 710 Romani
2351 629 2671 741 imperii
2718 633 3051 720 aemulis.
3088 635 3468 726 Validam
3516 624 3748 676 ΜΝ·

664 785 1058 872 »quoque
1088 748 1616 839 &laudatam
1657 754 2221 863 antiquitatem
2261 812 2290 858 ,
2358 757 2734 865 quotiens
2785 760 3114 847 fortuna
3179 764 3464 853 contra
3562 718 3707 889 ξιξ

667 887 962 972 »daret
986 944 1015 987 ‚
1055 879 1296 966 saluti
1334 873 1824 963 consuluisse
1852 914 1941 963 >›.
1983 877 2176 994 Qua
2229 880 2792 996 desperatione
2842 891 3246 976 exercitiis
3293 894 3467 980 dux
3581 868 3700 988 22.-

573 1039 622 1124 5
672 1013 1077 1114 subaEtus,
1118 1009 1414 1125 primas
1458 1032 1731 1090 tamen
1783 1005 2055 1093 literas
2088 1007 2189 1092 ad
2216 1006 2737 1121 Vologesen,
2767 1041 2935 1099 non
2979 1014 3384 1130 supplices
3432 1078 3464 1124 ,

670 1141 918 1225 sedin
946 1137 1288 1221 modum
1318 1137 1727 1247 querentis
1760 1135 2224 1249 composuit
2245 1194 2272 1238 ,
2319 1138 2602 1247 «quod
2650 1167 2797 1252 pro
2825 1141 3235 1228 Armeniis
3267 1145 3467 1230 sem·-

668 1299 716 1345 ³)
735 1296 878 1382 per
908 1267 1299 1350 Romanae
1331 1261 1664 1347 ditionis
1688 1320 1718 1365 ,
1758 1288 1894 1346 aut
1924 1258 2294 1367 subjectis
2318 1267 2493 1375 regi
2517 1323 2547 1368 ,
2571 1293 2814 1375 quem
2844 1266 3295 1382 Imperator
3323 1274 3464 1358 de·-

675 1425 724 1470 >›
743 1391 1093 1505 legiss‘et,
1124 1387 1445 1475 hostilia
1467 1389 1799 1474 faceret.
1830 1390 2125 1473 Pacem
2165 1418 2268 1473 ex
2297 1418 2526 1500 aequo
2555 1388 2869 1476 utilem.
2904 1398 2993 1477 N
2998 1424 3093 1479 ec
3120 1398 3465 1510 praesen-

682 1522 861 1603 »tia
897 1523 1207 1603 tantum
1232 1519 1645 1631 speQaret.
1697 1515 1969 1630 Ipsum
2020 1515 2396 1599 adversus
2421 1517 2614 1601 duas
2648 1513 3016 1629 legiones
3042 1581 3070 1624 ,
3108 1527 3302 1608 totis
3331 1556 3463 1609 re-

527 1674 559 1728 ι
584 1668 637 1724 o
680 1649 885 1760 »gni
913 1643 1215 1728 viribus
1245 1644 1648 1730 advenisse
1671 1678 1705 1737 =:
1738 1667 1820 1727 at
1850 1644 2248 1728 Romanis
2302 1640 2584 1727 orbem
2614 1670 2998 1739 terrarum
3028 1647 3467 1761 reliquumj

679 1805 726 1850 >2
745 1803 908 1884 quo
957 1769 1269 1855 bellum
1299 1769 1671 1879 juvarent
1701 1805 1747 1848 »
1768 1833 1790 1854 .
3456 1769 3461 1774 ’

809 1899 1076 1986 XIV.
1141 1899 1293 1980 AD
1337 1923 1449 1980 EA
1490 1895 1946 2010 Vologeses
1967 1953 1997 2000 ‚
2040 1892 2249 1977 nihil
2278 1925 2425 2009 pro
2458 1889 2696 1980 causa
2716 1957 2744 2000 ‚
2776 1897 2915 1983 sed
2956 1932 3001 1976 «
3032 1906 3465 2016 opperien-

685 2027 900 2110 »dos
924 2084 953 2128 ,
995 2023 1135 2107 fibi
1163 2024 1441 2109 fratres
1470 2085 1500 2130 ,
1533 2026 1933 2112 Pacorum
1968 2054 2063 2107 ac
2087 2023 2511 2107 Tiridaten
2548 2057 2596 2101 2>
2658 2024 3096 2139 rescripfit:
3150 2062 3196 2104 «
3227 2027 3466 2115 illurn

685 2151 1029 2237 »locum
1067 2153 1541 2266 tempusque
1578 2148 1920 2237 confilio
1970 2150 2448 2234 destinatum
2471 2209 2500 2252 ,
2535 2178 2697 2261 quo
2742 2150 2842 2234 de
2873 2152 3258 2237 Armenia
3298 2189 3467 2242 cer·-

530 2303 559 2357 ι
579 2300 628 2385 5
685 2313 730 2356 2>
750 2304 1075 2364 nerent:
1108 2275 1480 2386 adjecisse
1513 2279 1707 2363 deos
1740 2278 2083 2390 dignum
2113 2276 2683 2360 Arsacidarum
2730 2285 2802 2379 ³,
2834 2276 3062 2361 simul
3094 2287 3179 2363 ὅ(
3216 2281 3317 2364 de
3343 2280 3468 2368 le-

684 2405 1123 2518 »gionibus
1148 2407 1549 2491 Romanis
1591 2408 2025 2491 statuerent
2051 2438 2140 2487 ».
2181 2402 2398 2487 Miffi
2440 2404 2612 2517 post
2654 2433 2698 2486 a
2740 2403 2957 2490 Paeto
3000 2410 3265 2489 nuntii
3290 2467 3320 2512 ,
3376 2418 3469 2494 Gt

685 2535 896 2646 regis
958 2530 1467 2643 colloquium
1537 2535 1942 2648 petitum,
1993 2533 2134 2643 qui
2156 2530 2530 2617 Vasacen
2570 2588 2602 2634 ,
2653 2531 3107 2644 praefe&um
3157 2537 3471 2643 equita-

682 2660 809 2743 tus
848 2718 877 2764 ,
930 2661 1046 2743 ire
1102 2656 1335 2765 juffit.
1383 2661 1604 2743 Tum
1641 2654 2040 2763 Paetusj«
2067 2652 2517 2761 Lucullos,
2556 2652 3031 2773 Pompeios,
3087 2668 3169 2743 δε
3218 2661 3274 2740 fi
3310 2691 3469 2772 qua

685 2818 735 2862 »
754 2786 1097 2869 Caesares
1130 2783 1584 2870 obtinendae
1611 2784 2103 2871 donandae‘ve
2131 2787 2533 2868 Armeniae
2567 2810 2900 2897 egerant
2929 2819 2974 2862 »
3017 2786 3409 2872 :Vasaces
3432 2847 3466 2891 ,

522 2933 641 2991 20
707 2915 1215 3024 «imaginem
1243 2914 1640 2998 retinendi
1664 2910 2167 3025 largiendive
2213 2943 2457 3028 penes
2513 2940 2659 2996 nos
2688 2970 2717 3016 ,
2779 2914 2945 2995 vim
2989 2941 3233 3026 penes
3275 2915 3464 2999 Par-

690 3072 739 3118 »
758 3042 946 3124 thos
974 3071 1020 3116 »
1060 3040 1480 3124 memorat.
1510 3038 1617 3123 Et
1643 3038 1988 3124 multum
2036 3042 2390 3126 invicem
2418 3039 2866 3156 disceptato
2891 3099 2918 3144 ,
2946 3038 3478 3127 Monobazus

689 3165 1157 3252 Adiabenus
1193 3169 1281 3250 in
1317 3167 1533 3252 diem
1561 3170 1964 3283 posterum
1995 3170 2207 3252 testis
2239 3170 2334 3252 iis
2364 3227 2393 3273 ,
2433 3197 2606 3278 quae
2666 3168 3142 3283 pepigiss‘ent
3169 3224 3196 3268 ,
3236 3169 3469 3251 adhi-

689 3292 947 3378 betur.
1001 3291 1476 3406 Placuitque
1528 3291 1925 3379 «liberari
1950 3294 2257 3381 obfidio
2295 3291 2710 3407 legiones,
2740 3303 2823 3378 ὅ(
2848 3291 3239 3378 decedere
3288 3323 3475 3376 om·-

689 3452 943 3507 »nem
969 3418 1315 3510 militem
1337 3421 1630 3508 finibus
1644 3423 2227 3508 Armeniorum
2253 3481 2283 3528 ‚
2327 3418 2807 3535 castellaque
2840 3429 2921 3506 δε
2965 3447 3475 3506 εοηητιεειωε

768 3695 788 3725 ¹
835 3686 1150 3749 Caunum
1195 3708 1277 3751 Ac
1311 3689 1724 3753 Numam-maz
1773 3689 2038 3764 cums]

2117 3692 2269 3754 dum
2289 3688 2501 3773 ‚suffla
2537 3690 2768 3771 Neque
2802 3688 3108 3753 Samnites
3131 3735 3150 3766 ,
3179 3684 3475 3750 Italicum

685 3761 880 3836 'Anno
927 3768 1000 3828 U.
1048 3768 1124 3829 C.
1179 3789 1517 3831 coxxxrn.
1579 3768 1914 3832 Veturium
1967 3769 2040 3832 ὃς
2116 3771 2460 3863 populum,
2493 3788 2698 3850 neque
2744 3767 2910 3849 ipsos
2939 3771 3162 3833 Poenos
3192 3764 3469 3829 Romani

690 3842 1069 3907 Postumium
1108 3846 1396 3910 consules
1436 3847 1516 3909 ad
1539 3847 1771 3910 Furcas
1810 3847 2044 3911 Caudi-

692 3940 801 3983 nas
838 3921 1128 3988 vicerunt
1176 3925 1483 3991 Samnites
1514 3973 1535 4005 ‚
1590 3927 2042 4007 Romanosque

693 3999 803 4061 sub
851 4000 1064 4090 iugum
1119 4003 1418 4068 miserunt
1463 4053 1484 4082 ,
1533 4005 1762 4069 Florus
1810 4009 1838 4067 Ι
1874 4051 1894 4081 ,
1945 4013 2042 4068 16.

691 4077 969 4166 Turpror
996 4078 1196 4145 adhuc
1216 4083 1420 4148 clades
1432 4084 1827 4149 Numantina
1837 4084 2048 4149 conti-

697 4169 792 4296 ffit
821 4161 1090 4246 annoU.
1122 4163 1196 4222 C.
1230 4183 1493 4228 ncxvn.
1518 4168 1814 4241 Quatuor
1840 4163 2046 4228 millia

769 4251 1242 4324 amantinorum
1271 4287 1292 4315 ,
1342 4261 1451 4320 per
1491 4261 1690 4305 annos
1744 4260 2047 4324 quatuor-

698 4312 910 4376 decan
928 4359 946 4387 ,
973 4316 1377 4395 quadraginta
1395 4318 1669 4381 millium
1694 4323 2048 4386 exercitum

694 4391 1061 4482 Romanum
1111 4394 1567 4475 sustinuerunt·,
1610 4399 1682 4461 ὃς
1712 4399 2050 4464 Hostilium

696 4472 1068 4534 Mancinum
1100 4473 1427 4538 consulem
1456 4473 1544 4538 ita
1579 4476 1818 4538 affiduis
1858 4480 2051 4541 caedi-

2118 3849 2369 3930 imperii
2404 3849 2663 3912 aemulos
2692 3894 2731 3923 ,γ
2755 3867 3054 3928 umquam
3094 3845 3268 3910 fuiffe
3292 3848 3483 3926 aequer

2119 3927 2559 3993 formidandos
2574 3975 2596 4005 ,
2624 3947 2694 3990 ac
2713 3926 2987 4011 Parthos.
3230 3961 3233 3962 ν

2201 4019 2222 4062 ³
2266 4008 2535 4070 Dmnun
2574 4005 3300 4079 Ansrc1mnum]v0lo
3347 4001 3474 4066 eses

2121 4084 2423 4166 rescripsit
2451 4085 2875 4167 opperiendos
2901 4082 3029 4173 fibi·
3044 4082 3261 4147 fratres
3315 4103 3430 4144 uos
3453 4126 3479 4155 ,

2123 4169 2427 4229 Pacorum
2471 4169 2542 4232 δε
2573 4165 2903 4227 Tiridaten
2944 4182 2960 4219 t
3010 4163 3195 4226 illum
3257 4163 3476 4249 locum

2123 4245 2491 4326 tempusque
2559 4243 2928 4307 destinatum
2976 4239 3093 4301 effe
3147 4238 3414 4302 consilio
3453 4282 3479 4311 ,

2125 4345 2255 4407 quo
2275 4324 2353 4387 de
2371 4321 2670 4388 Armenia
2706 4332 3037 4408 cernerent
3072 4337 3089 4376 ε
3117 4317 3271 4408 deos
3293 4334 3427 4404 rem
3456 4358 3489 4389 ,

2126 4402 2558 4467 Arsacidarum
2581 4399 2821 4479 fastigio
2840 4398 3094 4474 dignam
3110 4439 3131 4468 ‚
3152 4391 3440 4472 adjecisse
3457 4436 3489 4468 ,

2126 4499 2197 4546 ut
2225 4483 2296 4546 &
2326 4480 2508 4545 fimul
2545 4481 2624 4542 de
2647 4473 3001 4575 legionibus
3034 4471 3344 4533 Romanis
3370 4470 3487 4533 sta-

697 4551 813 4613 bus
836 4550 1253 4631 subegerunt,
1295 4571 1356 4613 ut
1390 4573 1462 4614 ne
1495 4552 1679 4613 oculos
1705 4552 1918 4634 quidem
1955 4575 2056 4618 aut
2129 4576 2401 4623 tuerent.
2422 4563 2568 4622 Hoec
2590 4556 2749 4618 adeo
2775 4553 2914 4613 sunt
2937 4547 3170 4622 obvia,
3196 4565 3268 4612 ut
3296 4548 3490 4614 mirer

697 4648 883 4689 vocem
901 4628 1246 4692 Numantini
1281 4631 1393 4692 viri
1418 4632 1691 4713 qui-siluam
1710 4631 2004 4713 sustineret
2033 4684 2051 4712 ,
2128 4659 2164 4701 a
2209 4636 2424 4715 Lipfio
2478 4633 2803 4713 deplorata
2853 4626 3301 4702 pronuntiari,
3340 4629 3412 4692 δί
3455 4647 3503 4692 ὃ

701 4701 927 4769 Florus
957 4711 1014 4768 11
1033 4755 1053 4785 ,
1083 4715 1182 4773 18.
1209 4709 1550 4776 Graviores
1573 4713 1740 4776 casus
1764 4711 2055 4777 nondum
2132 4715 2440 4794 plerisque
2472 4714 2639 4775 inter
2683 4704 2917 4768 retibus
2945 4700 3316 4769 adulterari.
3335 4707 3499 4768 For·

702 4800 962 4862 experta
983 4805 1113 4851 erat
1129 4791 1357 4854 Roma.

2134 4798 2195 4855 te
2218 4808 2428 4855 tamen
2464 4788 2624 4866 scrip
2656 4798 2784 4846 erat
2810 4777 3068 4841 Tacitus
3089 4828 3111 4858 ,
3137 4783 3325 4865 simul
3356 4801 3415 4844 ut
3436 4780 3503 4842 de

777 4872 809 4922 ²
852 4863 1084 4940 NEQUE
1124 4890 1401 4935 munau
1433 4891 1565 4946 vm
1597 4874 1634 4952 ]
1676 4868 2057 4952 Intelligen-
2133 4869 2445 4954 legionibus
2465 4859 2739 4931 Romanis
2735 4858 3073 4946 statuerent.
