4975 6149
1522 386 1739 485 DE
1864 392 2656 484 NERONE.
3284 414 3480 505 533·

689 559 919 637 derant
963 575 1140 628 venae
1171 602 1192 642 ,
1243 547 1327 625 ex
1370 573 1743 649 argumento
1798 552 2135 645 Phengites
2179 551 2562 644 appellatus.
2608 551 2744 621 Hoc
2795 549 3238 647 construxerat
3273 554 3469 628 cedem

694 663 992 732 Fortunae
1020 707 1042 743 ,
1112 677 1302 753 quam
1371 652 1584 748 Sejam
1639 651 2014 744 appellant,
2067 674 2109 719 a
2154 650 2379 721 Servio
2440 675 2585 745 rege
2616 651 2944 743 sacratam
2978 705 2999 739 ,
3045 655 3241 726 aured
3284 655 3465 728 domo

694 759 1085 852 complexus.
1134 754 1351 842 Quare
1392 755 1584 822 etiam
1609 748 1865 845 foribus
1908 752 2137 842 opertis
2196 746 2475 819 interdiu
2538 749 2803 818 claritas
2868 751 2959 821 ibi
2999 752 3232 823 diurna
3272 759 3465 843 erat,‘

697 859 834 930 alio
904 853 1099 952 qudm
1143 852 1575 945 specularium
1642 846 1865 934 modo,
1918 871 2226 946 tanquam
2291 847 2541 919 inclusd
2598 847 2780 937 luce,
2846 872 2972 921 non
3044 852 3409 951 transmissd
3445 904 3470 940 ‚

693 953 888 1036 Plin.
938 947 1305 1038 XXXVI,
1354 973 1482 1025 22.
1531 947 1693 1021 sest.
1739 947 1869 1038 46.

713 1125 718 1130 .
801 1054 1082 1153 Reperta
1120 1073 1416 1151 quoquc
1447 1103 1468 1137 ,
1512 1046 1832 1122 Neronis
1858 1043 2276 1144 Principatu
2308 1100 2329 1134 ,
2373 1049 2539 1118 vitri
2568 1071 2674 1118 ars
2699 1106 2717 1133 ,
2770 1073 2908 1145 quae
2941 1049 3211 1122 modicos
3245 1055 3471 1126 calices

701 1152 904 1238 duos,
946 1177 1096 1251 quos
1140 1153 1471 1247 appellant
1504 1169 1790 1243 pterotos
1821 1200 1842 1234 ,
1901 1149 1973 1216 H
1990 1147 2095 1219 -S
2117 1150 2242 1240 fix
2268 1147 2553 1218 millibus
2588 1200 2608 1234 ,
2665 1145 2971 1220 Gallicae
3021 1172 3336 1225 monetae
3377 1152 3473 1225 li-

704 1250 851 1325 bris
905 1251 1150 1343 1167,
1196 1250 1491 1322 venderet
1524 1302 1545 1335 ‚
1601 1245 1785 1320 Plin.
1853 1242 2211 1332 XXXVI,
2270 1249 2394 1319 26.
2463 1244 2750 1317 Vitrum
2803 1246 3036 1334 illud,
3109 1248 3468 1325 diversum

703 1349 848 1424 fuit
881 1374 924 1421 a
953 1348 1322 1423 communi
1350 1348 1545 1422 vitro
1576 1398 1596 1431 ‚
1649 1348 1794 1442 jam
1823 1340 2106 1442 pridem
2139 1363 2325 1417 noto
2355 1369 2374 1417 t
2477 1343 2803 1416 erfectius
2837 1369 3100 1443 nempe
3130 1402 3150 1435 ‚
3197 1355 3267 1423 ὃς
3303 1376 3473 1425 can..

708 1448 948 1522 didius
978 1503 998 1537 ,
1048 1448 1248 1547 quod
1297 1474 1338 1521 c
1423 1442 1702 1519 stallum
1747 1442 2167 1516 imitaretur.
2216 1441 2397 1515 Man
2425 1463 2479 1514 1t
2544 1463 2788 1516 tamen
2836 1444 3169 1543 crystallo
3232 1448 3470 1542 fama,

708 1573 797 1623 ac
841 1547 1174 1648 pretium.
1217 1473 1441 1620 Unffe
1478 1543 1749 1618 Plinius
1793 1541 2191 1630 XXXVII,
2241 1566 2311 1615 2.
2358 1548 2537 1614 Nero
2565 1597 2586 1630 ‚
2636 1543 3001 1638 amiffarum
3054 1572 3261 1620 rerum
3306 1576 3474 1622 nun-

708 1654 803 1721 cio
854 1672 1100 1744 accepto
1132 1706 1149 1733 ‚
1202 1648 1355 1721 duos
1402 1649 1623 1718 calices
1665 1642 2066 1741 crystallinos
2109 1647 2178 1714 in
2200 1642 2506 1738 supremd
2546 1642 2651 1714 ird
2675 1642 2907 1740 fregit.
2946 1648 3097 1716 Haec
3124 1647 3272 1743 fuit
3305 1656 3472 1721 ratio

695 1749 1005 1845 saeculum
1031 1753 1226 1842 suum
1257 1751 1623 1842 punientis,
1673 1768 1748 1814 ne
1803 1747 1943 1841 quis
1989 1745 2158 1815 alius
2203 1767 2286 1812 ex
2351 1743 2448 1814 his
2503 1741 2758 1814 biberet.
2822 1745 3210 1840 Fragmenta
3232 1752 3475 1844 fizrciri

710 1848 893 1918 nullo
934 1847 1115 1919 modo
1163 1869 1418 1944 queunt.
1478 1845 1654 1916 Mire
1699 1842 1784 1913 ad
1815 1840 2316 1938 similitudinem
2384 1842 2667 1938 acceſjere
2721 1845 2981 1930 vitrea,
3024 1845 3140 1933 fied
3192 1848 3478 1947 prodigii

709 1944 894 2018 modo
918 2005 936 2031 ‚
985 1969 1055 2017 ut
1075 1944 1270 2040 suum
1294 1949 1575 2038 pretium
1620 1949 1928 2013 auxerint
1966 1941 2303 2039 crystalli,
2345 1965 2469 2011 non
2511 1942 2950 2013 diminuerint.
2986 1940 3095 2014 Hi
3131 1943 3292 2020 sunt
3324 1947 3474 2022 duo

710 2042 1029 2144 scyphi,
1100 2041 1191 2117 de
1244 2042 1505 2144 quibus
1543 2039 1933 2115 Suetonius
1993 2040 2071 2112 in
2135 2037 2312 2111 Ner.
2374 2035 2677 2114 XLVII.
2744 2043 3074 2114 Nuntiatd
3133 2069 3478 2119 ceterorum

713 2149 1110 2216 exercituum
1151 2144 1537 2240 defec‘iione,
1586 2142 1808 2212 literas
1851 2139 2192 2233 prandenti
2233 2136 2367 2234 fibi
2429 2138 2712 2210 redditas
2769 2139 3151 2236 concerpsit,
3205 2147 3495 2240 mensam

698 2244 1026 2342 subvertit
1051 2297 1072 2330 ,
1117 2244 1271 2314 duos
1291 2243 1559 2336 scyphos
1582 2292 1606 2324 ,
1644 2238 1990 2334 gratiffimi
2031 2238 2175 2309 usus
2202 2289 2226 2323 ,
2271 2261 2423 2333 quos
2464 2238 2828 2311 Homericos
2878 2266 2920 2311 a
2966 2242 3274 2317 caelaturd
3327 2271 3481 2330 car-‚

659 2345 668 2348 “
713 2348 959 2416 minum
998 2343 1259 2412 Homeri
1302 2337 1576 2409 vocabat
1602 2389 1620 2417 ,
1650 2334 1796 2429 Jblo
1833 2332 2046 2429 illifit.
3472 2361 3480 2365 ⁴

723 2515 730 2520 ,
821 2442 1139 2514 Demurn
1170 2462 1367 2532 nuper
1401 2440 1474 2505 ‘in
1495 2432 1890 2520 Dalmatid,·
1919 2435 2299 2529 Principatu
2333 2437 2649 2524 Neronis,
2684 2436 3063 2513 inventum
3099 2439 3175 2514 in
3214 2442 3484 2518 summit

712 2538 992 2713 {pllurleI
1019 2563 1266 2613 aurum
1296 2590 1317 2625 ,
1351 2534 1639 2634 fingulis
1683 2533 1899 2607 diebus
1954 2540 2150 2609 etiam
2187 2540 2661 2634 quinquagenas
2702 2540 2901 2613 libras
2941 2542 3248 2637 fundens.
3294 2542 3484 2618 Plin.

785 2638 914 2714 XX
1001 2638 1026 2712 1
1059 2694 1080 2728 ,
1193 2693 1212 2712 .

822 2736 1020 2811 Dum
1063 2662 1312 2812 resscns
1353 2733 1652 2807 inventa
1716 2725 2266 2804 celebrabantur
2293 2782 2314 2817 ,
2362 2751 2547 2820 artes
2605 2732 3176 2814 obliterabantur
3231 2763 3485 2821 vetere

715 2837 908 2912 famia
952 2837 1239 2912 nobiles
1265 2892 1288 2924 ‚
1334 2833 1443 2907 uti
1479 2830 1636 2908 fieri
1671 2828 1954 2905 adsolet
1979 2884 2001 2919 ‚
2048 2825 2217 2902 curn
2254 2831 2680 2927 portentosa
2709 2834 3061 2910 festantur
3091 2839 3480 2945 Principes.

720 2942 994 3013 Omnem
1052 2936 1541 3034 amplitudinem
1586 2931 1962 3030 statuarum
2002 2934 2163 3003 vicit
2207 2951 2396 3002 aetate
2435 2929 2652 3026 nostrd
2692 2934 3062 3008 Zenodorus
3090 2988 3111 3022 ,
3159 2944 3485 3017 Mercurio

704 3040 886 3140 fabio
936 3044 1004 3111 in
1064 3043 1327 3113 civitate
1381 3035 1622 3108 Galliae
1678 3035 2049 3120 Arvernis,
2100 3026 2550 3132 l'Auvergne
2580 3084 2600 3120 ,
2640 3058 2759 3127 per
2792 3059 2991 3108 annos
3035 3036 3239 3110 decem
3265 3099 3283 3126 ,
3327 3044 3478 3119 HS.

718 3144 1010 3228 ἓῖίῒῗ,
1054 3136 1359 3213 Gallicae
1396 3154 1711 3208 monetae
1754 3130 1956 3205 libris
1987 3134 2414 3226 7,782,010
2439 3187 2461 3221 ,
2517 3138 2922 3229 manipretio.
2953 3136 3296 3235 Postquam
3312 3142 3485 3234 satis

718 3240 811 3315 ibi
852 3262 1054 3311 artem
1095 3239 1563 3335 approbaverat
1589 3294 1608 3321 ,
1635 3235 1910 3305 Romam
1941 3236 2176 3304 accitus
2209 3229 2297 3326 est
2343 3256 2384 3303 a
2422 3235 2715 3323 Nerone,
2752 3236 2859 3305 ubi
2891 3233 3271 3331 destinatum
3301 3241 3484 3313 illius

719 3344 1038 3433 Principis
1049 3338 1473 3437 simulacrum
1498 3385 1523 3424 ,-
1566 3333 1854 3433 colcfftm
1879 3329 2082 3426 fecit,
2121 3358 2224 3402 cx
2247 3330 2484 3423 pedum
2520 3332 2939 3429 longitudine.
2967 3390 2985 3410 .
3006 3386 3024 3406 .
3071 3337 3485 3415 Mirabamur

721 3443 792 3511 in
831 3438 1087 3534 officind
1128 3464 1253 3510 non
1293 3435 1474 3508 modo
1515 3461 1596 3507 ex
1639 3431 1884 3528 argilld
1909 3428 2407 3529 similitudinem
2441 3429 2749 3530 insignem
2775 3485 2798 3521 ,
2853 3437 3076 3507 verum
3112 3438 3188 3510 ἔν’
3218 3464 3302 3510 ex
3326 3466 3484 3534 par-

719 3544 825 3612 vis
869 3538 1208 3610 admodum
1230 3536 1511 3632 surculis
1535 3582 1560 3620 ,
1596 3532 1760 3632 quod
1791 3536 2075 3626 primum
2119 3533 2320 3623 operis
2361 3529 2563 3626 instar
2579 3551 2587 3560 ·
2587 3531 2757 3627 fuit.
2790 3535 2890 3605 Ea
2906 3534 3134 3631 statua
3167 3538 3486 3615 indicavit

720 3640 992 3737 intertffe
1014 3636 1336 3732 fundendi
1379 3638 1522 3706 aeris
1547 3633 1890 3726 scientiam
1919 3685 1940 3719 ,
1992 3631 2133 3701 cum
2177 3625 2252 3700 ἔπ’
2285 3631 2457 3701 Nero
2495 3632 2729 3726 largiri
2760 3658 2991 3706 aurum
3028 3652 3484 3737 argentumque

712 3760 985 3834 paratus
1023 3734 1162 3833 effer
1188 3794 1206 3822 ,
1256 3734 1332 3806 ξφ
1368 3731 1737 3805 Zenodorus
1755 3731 2031 3827 scientid
2044 3727 2350 3825 fingendi
2383 3730 2767 3829 caelandique
2805 3736 2970 3806 nulli
3003 3757 3284 3807 veterum
3309 3738 3482 3835 post-

718 3860 1162 3931 poneretur...
1209 3834 1582 3931 Quantoque
1634 3834 1842 3928 major
1909 3835 1978 3901 in
2032 3825 2366 3899 Zenodoro
2400 3827 2775 3924 praestantia
2807 3832 3003 3928 fuit,
3044 3839 3220 3908 tanto
3271 3845 3479 3939 magis

725 3934 1093 4032 deprehendi
1133 3939 1275 4006 aeris
1318 3933 1677 4004 obliteratio
1712 3926 1914 4024 potest
1944 3987 1963 4014 ,
2013 3924 2198 3999 Plin.
2250 3926 2568 4001 XXXIV
2594 3982 2615 4016 ,
2666 3952 2741 4025 7.

829 4033 992 4107 Nec
1028 4032 1285 4107 mirum
1326 4028 1680 4105 fundendi
1731 4027 1886 4101 aeris
1950 4023 2324 4101 scientiam
2368 4027 2651 4126 periisse
2682 4084 2703 4118 ,
2757 4030 2927 4105 cum
2970 4056 3155 4107 aerea
3196 4035 3487 4135 perfec-

728 4131 1001 4207 tisfimae
1041 4136 1204 4204 artis
1266 4150 1739 4205 monumenta
1795 4125 2140 4227 Princeps
2196 4150 2374 4201 auro
2434 4126 2871 4228 deturparet.
2931 4136 3100 4205 Fecit
3141 4133 3487 4234 Lyfippus

728 4232 1180 4306 Alexandrum
1227 4232 1550 4325 Magnum
1605 4232 1825 4300 multis
1875 4232 2209 4322 operibus,
2259 4256 2299 4300 a
2329 4229 2616 4323 pueritid
2671 4238 2804 4329 ejus
2844 4232 3038 4325 orsus.
3086 4235 3298 4323 Quam
3328 4234 3486 4333 sta-

727 4357 912 4407 tuam
953 4333 1244 4404 inaurari
1269 4328 1457 4425 juffit
1480 4330 1651 4398 Nero
1679 4329 1974 4422 Princeps
1995 4330 2380 4416 ‚delebiatus
2415 4329 2753 4402 admodum
2788 4329 2933 4402 illd.
2967 4332 3140 4401 Dein
3174 4334 3310 4403 ct'cm
3335 4361 3483 4428 pre-

729 4439 822 4508 tio
861 4433 1104 4530 pertffiet
1137 4433 1359 4529 gratia
1395 4424 1555 4499 artis
1584 4480 1606 4515 ,
1655 4424 2003 4498 detraclum
2034 4426 2121 4521 est
2155 4454 2386 4498 aurum
2410 4457 2440 4499 .·
2483 4427 2932 4528 pretiosiorque
2968 4430 3120 4500 talis
3154 4431 3483 4526 existima-

730 4557 877 4619 tur,
920 4537 1114 4604 etiam
1174 4529 1572 4602 cicatricibus
1613 4529 1812 4619 operis
1871 4546 2057 4621 atque
2099 4527 2477 4619 concisuris‚
2524 4533 2592 4597 in
2638 4529 2860 4626 quibus
2899 4553 3131 4600 aurum
3166 4531 3425 4625 haeserat
3457 4582 3483 4620 ,

730 4631 1217 4706 remanentibus.
1260 4625 1447 4700 Plin.
1492 4623 1842 4710 XXXIV,
1898 4626 1966 4695 8.
2019 4621 2185 4699 sect.
2236 4646 2353 4716 19.
2394 4647 2590 4696 num.
2638 4628 2708 4700 6.

836 4729 1016 4802 Hoc
1063 4727 1315 4801 insano
1358 4725 1529 4798 luxu
1560 4776 1580 4813 ,
1633 4722 1973 4820 indignus
2015 4722 2140 4822 qui
2182 4720 2449 4794 divinae
2481 4721 2648 4796 artis
2684 4723 3029 4799 miracula
3057 4725 3486 4825 possideret,

738 4853 996 4905 eorum
1027 4848 1271 4903 tamen
1304 4823 1657 4901 defiderio
1689 4819 2066 4921 flagravit,
2106 4826 2174 4897 &
2207 4840 2469 4927 praeter
2503 4821 2930 4926 Olympicas
2959 4823 3215 4902 statuas
3225 4883 3249 4922 ‚
3283 4828 3494 4930 quin-—
