4975 6149
1532 410 1715 509 462
1914 397 2361 486 NOTAE
2440 393 2618 481 ET
2707 394 3906 488 EMENDATIONES

1530 554 1916 645 Bunduica,
1966 575 2186 650 torque
2224 577 2415 626 aureo
2454 549 2721 652 insignis
2744 613 2764 641 ,
2812 553 3046 630 induta
3068 553 3289 653 stole,
3315 561 3525 633 variis
3582 558 3896 632 coloribus
3951 553 4258 656 distintzd
4280 605 4317 651 2

1531 656 1850 757 craffdque
1878 651 2208 751 chlamyde
2226 703 2250 740 ‚
2279 652 2526 752 hastam
2549 675 2803 748 tenens,
2837 660 2937 731 ita
2965 657 3254 732 allocuta
3283 657 3394 757 est.

1792 872 2160 981 Oratio
2246 873 2792 979 Boudiceae
2878 913 3006 980 ex
3092 879 3438 981 Dione
3475 953 3510 1006 ‚
3590 879 3767 1017 qui
3835 912 4058 982 eam

2308 1010 2989 1125 Banduicam
3045 1016 3503 1157 appellat.

1627 1258 2056 1356 Experientid
2108 1259 2301 1358 nostis
2348 1262 2659 1360 quantum
2695 1263 2957 1335 libertas
3002 1260 3348 1334 antecellat
3364 1260 3700 1356 servituti.
3737 1260 4015 1335 Proinde
4053 1261 4125 1359 fi
4173 1270 4314 1366 quis

1531 1362 1813 1461 vestrum
1846 1363 2110 1433 antehac
2136 1365 2442 1459 ignorans
2466 1414 2490 1451 ,
2535 1385 2688 1435 utra
2721 1364 2946 1435 melior
2973 1362 3111 1461 effer
3128 1417 3153 1450 ‚
3192 1360 3666 1456 pellicientibus
3688 1360 4128 1435 Romanorum
4148 1392 4314 1458 pro-

1529 1461 1722 1557 mtffis
1767 1461 2053 1554 deceptus
2089 1464 2237 1558 fuit
2257 1488 2288 1546 ‚·
2322 1487 2489 1533 nunc
2534 1462 2785 1560 quidem
2823 1463 2985 1534 certe
3045 1486 3378 1560 utramque
3427 1465 3721 1556 experti,
3770 1460 3965 1559 qudm
4015 1469 4316 1560 graviter

1527 1584 1816 1635 erratum
1840 1587 1884 1632 a
1916 1559 2094 1632 vobis
2113 1559 2215 1656 fit
2247 1559 2553 1658 didicistis
2581 1612 2601 1646 ,
2651 1561 2814 1662 quod
2859 1584 3198 1635 externam
3231 1562 3726 1634 dominationem
3755 1614 3777 1650 ‚
3794 1562 4023 1657 sponte
4060 1564 4315 1661 sitsi-ep·-

1526 1684 1698 1745 tam,
1724 1663 1962 1755 patriae
1995 1662 2273 1732 moribus
2297 1661 2370 1734 ἴθ’
2401 1659 2715 1758 institutis
2737 1660 3198 1759 anteposuistis.
3234 1659 3656 1757 Intellexistis
3693 1662 3974 1759 profesto
3997 1666 4307 1762 quantum

1509 1761 1748 1858 servili
1791 1758 2119 1853 opulentid
2138 1759 2397 1856 praestet
2451 1762 2654 1833 libera
2689 1784 3063 1857 paupertas.
3112 1762 3295 1852 Quid
3326 1784 3461 1833 tam
3507 1783 3731 1856 turpe,
3780 1785 3916 1833 tam
3973 1763 4309 1860 miserum,

1525 1858 1736 1959 quod,
1771 1885 1856 1930 ex
1891 1883 2010 1958 quo
2052 1881 2324 1952 tempore
2355 1862 2772 1933 Britanniam
2821 1887 3090 1950 novere,
3126 1887 3253 1934 non
3274 1860 3485 1959 fimus
3510 1862 3675 1957 paffi
3694 1874 3729 1933 ?
3754 1864 3982 1935 Nonne
4007 1866 4313 1958 plurimis

1525 1960 1948 2058 maximisque
1967 1959 2426 2058 pffffionibus
2465 1965 2724 2055 penitus
2746 1967 3002 2056 privati
3030 2022 3047 2048 ‚
3076 1964 3152 2035 de
3189 1969 3407 2035 ceteris
3447 1964 3692 2035 tributa
3716 1961 4052 2056 pendimus
4077 1967 4315 2036 ?Non-

1526 2085 1606 2133 ne
1632 2115 1653 2149 ,
1689 2062 2122 2158 praeterqudm
2152 2060 2316 2157 qudd
2342 2058 2490 2157 ipsis
2516 2063 2878 2157 pascimus,
2925 2061 3073 2160 ipsis
3106 2089 3405 2150 aramus,
3445 2088 3661 2136 annua
3708 2062 3913 2135 adhuc
3953 2061 4307 2159 nostrorum

1525 2185 1858 2255 corporum
1880 2159 2124 2232 tributa
2149 2158 2574 2256 praestamus?
2606 2163 2866 2253 Quanto
2902 2163 3128 2235 melitis
3153 2162 3338 2258 foret
3353 2163 3554 2257 semel
3580 2167 3649 2232 in
3661 2168 4048 2258 servitutem
4071 2164 4266 2236 vendi
4284 2216 4312 2251 ,

1528 2260 1726 2359 qudm
1777 2263 1961 2331 inani
2001 2258 2315 2331 libertatis
2355 2265 2609 2333 nomine
2657 2266 2996 2359 quotannis
3046 2262 3333 2332 redimi?
3398 2264 3654 2351 Quanto
3706 2263 4053 2354 optabilius
4098 2268 4315 2356 perire

1524 2364 1775 2456 magis,
1828 2359 2023 2458 qudm
2061 2360 2409 2432 tributaria
2430 2362 2681 2457 semper
2719 2360 3122 2456 circumferre
3153 2363 3369 2453 capita
3391 2372 3426 2431 ἓ
3464 2361 3642 2451 Quin
3679 2364 3871 2432 immo
3894 2362 3929 2429 Ι
3983 2361 4179 2456 Apud
4203 2388 4312 2435 eos

1524 2481 1603 2530 ne
1649 2464 1813 2530 mori
1855 2458 2109 2557 quidem
2137 2460 2349 2556 gratis
2380 2459 2599 2533 datur.
2639 2459 2859 2558 Nostis
2887 2482 3197 2558 quantum
3221 2487 3342 2554 pro
3375 2459 3521 2554 ipsis
3547 2464 3814 2532 mortuis
3842 2460 4021 2531 nobis
4060 2460 4142 2550 [it
4168 2464 4318 2555 sol-

1524 2559 1825 2631 vendum.
1868 2559 2065 2653 Apud
2092 2583 2327 2631 ceteras
2350 2582 2569 2658 gentes
2598 2561 2823 2656 servos
2869 2560 3027 2657 ipsos
3065 2585 3232 2631 mors
3286 2565 3353 2631 in
3390 2561 3747 2633 libertatem
3792 2560 4127 2646 vindicat,
4150 2563 4313 2656 solis

1524 2657 1839 2730 Romanis
1885 2664 2157 2749 mortui,
2189 2660 2274 2732 ad
2305 2662 2484 2732 lucra
2512 2660 2882 2759 superstites
2912 2720 2931 2748 ,
2973 2664 3235 2734 vivunt.
3268 2663 3441 2746 Nos,
3484 2686 3593 2731 nos
3636 2657 3756 2755 ipfi
3778 2719 3797 2746 ,
3806 2657 3878 2755 st
3909 2663 4050 2755 quis
4082 2686 4306 2759 argen-

1521 2779 1664 2830 tum
1705 2784 1829 2831 non
1856 2760 2044 2830 habet
2080 2764 2111 2853 (
2146 2759 2449 2858 quomodo
2481 2783 2733 2846 autem,
2765 2761 2843 2833 Θ
2889 2762 3052 2832 unde
3082 2761 3388 2853 haberet)
3441 2763 3782 2846 exuimur,
3801 2758 4166 2855 spoliamur
4189 2810 4210 2844 ,
4240 2784 4311 2833 ut

1524 2861 1579 2930 ii
1622 2863 1732 2955 qui
1785 2859 2217 2932 trucidantur.
2272 2860 2437 2950 Quis
2475 2866 2547 2932 in
2571 2859 2895 2958 posterum
2926 2859 3177 2946 modus,
3215 2860 3358 2932 cum
3419 2862 3580 2930 tales
3617 2864 3765 2957 jam
3812 2864 4072 2957 injurioe
4096 2870 4132 2931 ἰ*
4165 2861 4314 2932 licet

1523 2960 1814 3030 omnibus
1845 2959 1943 3056 sit
1968 2958 2229 3058 insitum
2273 2963 2380 3033 vel
2399 2961 2590 3057 feras
2613 3016 2638 3050 ,
2672 2962 2879 3034 recens
2913 2981 3170 3058 captas,
3205 2959 3538 3032 blanditiis
3572 2959 3862 3032 delinire.
3899 2961 3996 3031 At
4025 2984 4134 3032 nos
4163 2985 4331 3038 ωας,

1524 3059 1737 3131 lorum
1785 3059 2183 3157 nostrorum,
2235 3064 2266 3154 (
2310 3084 2383 3132 ut
2428 3088 2655 3134 verum
2699 3062 2986 3161 loquar)
3030 3063 3313 3133 auclores
3353 3060 3653 3157 fuimus,
3707 3064 3816 3159 qui
3862 3086 3961 3132 eos
4006 3063 4075 3130 in
4122 3062 4311 3160 hujus

1523 3159 1746 3253 insulae
1784 3165 2036 3256 imperii
2066 3184 2324 3257 partem
2350 3167 2570 3236 venire
2583 3162 2916 3261 fivimus3
2958 3166 3069 3260 qui
3113 3186 3238 3233 non
3273 3188 3371 3233 eos
3391 3160 3656 3260 statim,
3709 3181 3780 3231 ut
3821 3160 4070 3233 Iulium
4117 3163 4313 3233 illum

1522 3259 1881 3335 Caesarem
1915 3264 2279 3358 expulimus
2296 3294 2323 3345 ς
2350 3269 2458 3361 qui
2479 3288 2606 3339 non
2635 3269 2717 3337 iis
2742 3324 2760 3350 ,
2799 3286 2871 3333 ut
2915 3260 3206 3360 Augusto
3238 3262 3310 3334 ὓ·
3342 3264 3495 3333 Caio
3543 3262 3903 3359 Caligulae,
3946 3265 4317 3359 navigatio-

1520 3384 1665 3433 nem
1714 3364 1820 3434 vel
1857 3369 2099 3435 tentari
2122 3364 2547 3459 periculosum
2584 3364 2690 3462 effe
2722 3362 3123 3461 ostendimus.
3154 3366 3292 3434 Nos
3319 3366 3524 3459 igitur
3552 3383 3806 3433 tantam
3847 3361 4164 3457 insulam,
4202 3363 4315 3435 vel

1507 3464 1729 3556 potius
1778 3467 2199 3537 continentem
2236 3465 2693 3564 quodammodo
2731 3462 3178 3560 circumfluam
3203 3516 3226 3551 ,
3271 3464 3458 3535 velut
3487 3462 3863 3559 separatum
3903 3463 4115 3534 orbem
4169 3485 4311 3534 ter-

1521 3586 1745 3632 rarum
1793 3564 2197 3653 habitantes,
2250 3564 2522 3663 adeoque
2591 3565 2848 3636 Oceano
2900 3589 2944 3635 a
2984 3567 3206 3634 ceteris
3247 3564 3544 3659 gentibus
3583 3562 3895 3652 disjunHi
3926 3617 3947 3652 ‚
4019 3584 4094 3633 ut
4142 3564 4311 3636 alias

1519 3683 1768 3746 terras,
1799 3665 1929 3736 alio
1947 3664 2071 3760 sub
2103 3668 2255 3737 coelo
2289 3668 2561 3739 incolere
2587 3666 2959 3750 videamur,
2995 3689 3265 3762 quorum
3293 3687 3518 3735 nomen
3562 3688 3638 3736 ne
3653 3662 4137 3760 sapienttffimis
4166 3668 4309 3762 qui-

1518 3762 1661 3835 dem
1691 3788 1903 3835 eorum
1945 3766 2092 3836 ante
2132 3772 2454 3865 cognitum
2480 3768 2653 3863 stitis
2677 3767 2823 3864 fuit
2846 3793 2876 3835 .·
2906 3789 3072 3836 nunc
3109 3768 3449 3860 contempti
3492 3766 4190 3864 conculcatiquefitmus
4220 3762 4301 3835 ab

1515 3868 1599 3936 iis
1636 3863 2028 3953 hominibus,
2056 3869 2163 3965 qui
2194 3868 2358 3939 nihil
2398 3868 2585 3940 aliud
2615 3888 2895 3955 norunt,
2940 3863 3289 3966 qudmsuis
3315 3868 3563 3939 inhiare
3589 3867 3804 3940 lucris.
3830 3864 4253 3957 Quamobrem
4277 3913 4305 3952 ,

1516 3989 1553 4033 o
1593 3964 1763 4034 cives
1784 4014 1806 4048 ,
1837 3969 2065 4053 amici,
2112 3966 2188 4039 Cr
2209 3971 2557 4067 propinqui
2595 3978 2627 4056 <
2656 3995 2806 4041 nam
2826 3993 2953 4064 ego
2989 3992 3101 4038 nos
3134 3991 3381 4053 omnes,
3417 3968 3553 4037 cum
3582 3966 3860 4038 eamdem
3893 3965 4168 4060 insulam
4191 3965 4312 4036 ha-

1512 4062 1782 4134 bitemus
1807 4122 1825 4148 ,
1879 4065 1958 4137 &¹
1989 4091 2312 4138 commune
2348 4093 2575 4141 nomen
2614 4071 2954 4143 babeamus
2978 4126 2997 4153 ,
3042 4071 3233 4161 propi
3320 4091 3430 4137 uos
3466 4078 3678 4159 puto)
3708 4092 3871 4137 nunc
3907 4064 4070 4137 certe
4095 4119 4118 4152 ,
4153 4064 4311 4139 dum

1511 4160 1721 4235 adhuc
1754 4163 2074 4239 libertatis
2116 4159 2418 4241 memoria
2439 4168 2728 4267 superest
2750 4221 2772 4256 ,
2796 4166 3166 4264 praestemus
3219 4091 3497 4260 {fficium
3516 4220 3541 4253 ,
3586 4168 3735 4239 ante
3770 4167 4124 4265 negleHum
4145 4192 4177 4252 ‚·
4236 4178 4311 4237 ut

1511 4288 1639 4335 non
1649 4264 1870 4357 Jblum
1913 4267 2231 4342 libertatis
2280 4294 2507 4341 nomen
2536 4321 2558 4355 ,
2587 4270 2708 4362 sed
2749 4293 2879 4340 rem
2910 4289 3188 4364 quoque,
3234 4263 3499 4362 posteris
3531 4270 3987 4366 relinquamus.
4040 4266 4231 4356 Quod
4235 4262 4313 4362 st

1510 4389 1624 4436 nos
1641 4363 1988 4460 felicitatis
2017 4423 2037 4456 ,
2069 4373 2138 4438 in
2176 4371 2304 4468 qud
2338 4372 2570 4463 sumus
2615 4367 2865 4438 educati
2891 4426 2910 4453 ,
2953 4367 3214 4461 prorsus
3264 4367 3756 4463 obliviscamur,
3784 4367 3941 4467 quid
3972 4365 4307 4463 posteros,

1511 4468 1736 4564 quippe
1771 4473 2079 4541 enutritos
2111 4474 2181 4541 in
2211 4471 2534 4564 servitute
2561 4521 2581 4555 ,
2613 4468 2911 4564 facturos
2937 4468 3046 4566 effe
3071 4465 3443 4564 speremus?

1599 4568 1819 4663 Neque
1835 4572 1983 4641 vero
2015 4572 2143 4641 ltaec
2157 4566 2296 4640 dico
2315 4623 2335 4655 ,
2358 4592 2428 4640 ut
2442 4569 2814 4665 praesentem
2836 4595 3048 4643 rerum
3055 4567 3305 4664 statum
3322 4570 3464 4641 odio
3486 4569 3771 4643 habeatis
3801 4565 4048 4663 (odistis
4060 4566 4256 4667 enim)
4264 4586 4298 4647 ‚·

1505 4683 1699 4758 neque
1744 4687 1815 4734 ut
1847 4693 1918 4738 ea
1945 4722 1965 4753 ,
2007 4695 2141 4765 quoe
2180 4670 2357 4742 nobis
2397 4694 2708 4744 eventura
2740 4673 2943 4767 sunt,
2989 4674 3290 4742 metuatis
3321 4676 3516 4768 (jam
3552 4675 3719 4743 enim
3755 4671 4033 4741 metuitis
4064 4670 4142 4759 )..·
4175 4662 4306 4758 sed

1506 4779 1583 4827 ut
1616 4786 1730 4832 vos
1758 4766 2054 4839 laudibus
2090 4768 2373 4863 afficiam
2394 4826 2417 4862 ‚
2451 4773 2616 4871 quod
2654 4800 2772 4870 per
2805 4799 2918 4844 vos
2968 4768 3089 4866 ipfi
3123 4774 3339 4843 omnia
3364 4830 3382 4856 ‚
3415 4796 3555 4870 quoe
3583 4771 3913 4866 neceffaria
3936 4765 4047 4866 ff
4074 4763 4302 4837 viden-

1503 4875 1615 4931 tur
1635 4908 1658 4945 ,
1681 4861 1905 4955 facere
1916 4865 2232 4959 statuatis
2257 4900 2288 4942 .·
2318 4893 2390 4945 ut
2425 4878 2686 4970 gratias
2718 4900 2955 4976 agam,
2989 4870 3154 4972 quod
3194 4874 3353 4947 milti
3400 4895 3588 4973 atque
3613 4872 3791 4946 uobis
3818 4867 3970 4967 ipfi's
4011 4867 4303 4964 prompti
4334 4894 4339 4897 ’
