4975 6149
1506 423 1629 502 86
2023 410 2123 497 C.
2243 405 3077 496 CORNELII
3181 403 3751 496 TACITI

1216 601 1453 658 agan
1503 576 1872 691 Augusto
1916 631 1945 678 ,
2031 571 2498 687 Agrippina:
2577 568 2897 654 sobrina
2974 570 3196 687 prior
3264 579 3289 617 ¹
3323 628 3353 674 ,
3437 601 3536 657 ac
3619 570 3863 659 Cneii
3900 631 3929 678 ,
4011 577 4280 668 mariti

1217 696 1453 751 ¹¹⁴¹·sp
1501 701 1672 812 ejus
1698 761 1730 808 ,
1782 702 2006 789 soror
2057 708 2090 744 ²
2114 759 2144 805 ,
2184 727 2455 813 parem
2508 695 2650 780 fibi
2704 693 3269 783 claritudinem
3307 695 3689 784 credebat
3727 734 3746 783 :
3784 731 3939 787 nec
3968 703 4230 792 forma
4244 722 4283 812 ·,'

1258 793 1403 956 ξοέ
1498 858 1720 934 aetaS,
1755 858 1948 944 opes
2000 823 2348 910 multum
2387 822 2827 921 distabant;
2870 833 2952 908 ὃς
3002 849 3337 933 utraque
3387 826 3854 939 impudica,
3901 830 4276 938 infamis,

1281 938 1381 1073 34·
1496 953 1912 1044 vinolenta
1969 964 1992 1014 ³
2030 1013 2059 1058 ,
2106 951 2321 1036 haud
2377 953 2639 1035 minus
2700 952 2915 1036 vitiis
2949 947 3562 1056 aemulabantur,
3614 950 3855 1064 quam
3884 956 3941 1035 si
3969 987 4126 1067 qua
4171 988 4278 1043 ex

1490 1077 1815 1169 fortuna
1843 1079 2219 1196 prospera
2248 1103 2756 1193 acceperant.
2800 1075 3244 1161 Enimvero
3288 1103 3698 1162 certarnen
3738 1085 4272 1192 acerrimum,
4385 1117 4438 1197 5

1488 1214 1736 1297 amita
1790 1210 2101 1323 potius,
2147 1238 2248 1292 an
2284 1230 2582 1309 mater,
2612 1202 2826 1319 apud
2855 1208 3277 1289 Neronem
3325 1202 3817 1319 praevaleret.
3860 1213 4083 1295 Nam
4109 1215 4273 1297 Le-
4496 1211 4502 1215 ’

1486 1338 1676 1455 pida
1710 1333 2281 1419 blandimentis
2319 1328 2993 1444 &largitionibus
3019 1328 3468 1439 juvenilem
3504 1334 3862 1417 animum
3887 1345 3926 1395 4
3981 1337 4270 1425 devinr-

1488 1462 1797 1559 ciebat;
1849 1463 2059 1547 truci
2103 1457 2385 1544 contra
2422 1488 2520 1541 ac
2572 1461 2872 1543 minaci
2907 1454 3400 1573 Agrippina,
3450 1490 3620 1570 quae
3669 1459 3844 1545 filio
3889 1462 4078 1549 dare
4111 1468 4268 1549 im·-

1486 1594 1800 1706 perium
1833 1597 1863 1653 5
1915 1647 1943 1691 ,
1988 1582 2335 1669 tolerare
2369 1588 2966 1699 imperitantem
3000 1584 3408 1697 nequibat.

1612 1714 1907 1800 LXV.
1977 1712 2452 1794 Cra-rnatum
2509 1709 2818 1820 objecta
2873 1713 3058 1797 sunt
3120 1712 3419 1823 «quod
3488 1711 3965 1827 conjugium
4035 1716 4262 1801 Prin·
4332 1745 4438 1810 ro

1485 1843 1754 1956 »cipis
1797 1837 2364 1923 devotionibus
2390 1839 2791 1953 petivisset
2817 1835 2854 1884 ⁶
2878 1897 2907 1942 ,
2940 1838 3322 1950 quodque
3370 1870 3651 1955 parum
3704 1843 4078 1926 co‘e'rcitis
4120 1873 4262 1957 per

1485 1966 2012 2051 »Calabriam
2084 1965 2498 2050 servorum
2547 1963 3001 2077 agminibus
3056 1977 3087 2024 ⁷
3140 1997 3430 2081 pacem
3479 1964 3730 2051 Italiae
3789 1965 4261 2057 turbaret».

1490 2094 1629 2179 Ob
1662 2098 1831 2176 haec
1858 2121 2073 2175 mors
2105 2091 2434 2191 indieta,
2463 2090 2807 2173 multum
2839 2093 3304 2177 adversante
3329 2096 3420 2177 N
3423 2095 3704 2176 arciffo
3714 2154 3743 2197 ,
3770 2097 3948 2203 qui,
3974 2096 4265 2210 Agrip-

1487 2224 1760 2336 pinam
1785 2219 2040 2329 magis
2069 2215 2476 2326 magisque
2533 2216 2980 2330 suspefians
3008 2276 3038 2318 ‚
3094 2218 3552 2332 prompsisse
3581 2220 3793 2301 inter
3841 2222 4259 2332 proximos

1482 2343 1881 2431 ferebatur
1909 2401 1940 2448 ,
2010 2375 2055 2417 <c
2085 2366 2388 2426 certam
2439 2340 2582 2425 sibi
2621 2344 3065 2457 perniciem
3104 2338 3136 2388 ⁸
3161 2404 3191 2448 ,
3241 2345 3380 2429 seu
3411 2342 3920 2431 Britannicus
3943 2374 4253 2457 rerum,
4324 2385 4352 2437 1
4374 2377 4424 2462 ς

1561 2576 1581 2606 ¹
1628 2567 1996 2628 Aomr’rmss
2024 2583 2296 2626 sommia
2331 2585 2532 2627 taron
2561 2567 2591 2641 ]
2625 2563 2700 2624 ld
2730 2583 2833 2643 pa·
2905 2561 3078 2626 mina
3125 2561 3439 2642 possumus
3481 2560 3772 2626 aestimare
3811 2582 3888 2625 ex
3919 2564 3995 2625 C.
4045 2561 4253 2626 Caeci-

1480 2658 1575 2709 tet
1602 2663 1680 2706 ex
1716 2647 2055 2706 stemmate
2084 2644 2414 2705 Caesarum.
2452 2646 2609 2705 Sunt
2659 2642 2832 2706 enim
2903 2640 2994 2704 lio
3030 2641 3302 2705 Claudio
3335 2640 3575 2705 Isidoro
3597 2685 3616 2714 ,
3652 2639 3795 2703 viro
3821 2640 4090 2706 minime
4132 2663 4250 2707 no·

1480 2738 1754 2803 quatuor
1794 2720 1997 2799 capita
2037 2720 2230 2802 usque
2268 2723 2349 2784 ad
2379 2725 2432 2782 A
2478 2721 2829 2802 rippinam;
2902 2719 3021 2783 bili
3048 2767 3068 2797 ‚
3105 2720 3340 2802 quique
3386 2720 3586 2782 multa
3618 2718 3798 2782 civili
3839 2720 4014 2783 bello
4043 2721 4252 2801 perdi-

1482 2800 1745 2865 octavia
1769 2847 1787 2876 ,
1822 2799 2103 2863 Antonia
2138 2799 2384 2872 minor,
2478 2800 2826 2863 ermanicus
2905 2800 3114 2875 derat,
3155 2800 3225 2863 &
3262 2814 3476 2861 tamen
3507 2815 3653 2862 ante
3710 2797 4094 2880 septuaginta
4141 2819 4252 2862 an-

1481 2881 1553 2945 &
1586 2878 1779 2960 Agrip
1824 2877 1948 2942 ina.
1983 2879 2226 2942 Contra
2257 2880 2414 2942 vero
2437 2879 2556 2942 tria
2585 2883 2830 2942 tantum

1481 2958 1697 3047 capita.
1727 2979 1767 3020 u
1795 2978 1917 3039 que
1962 2958 2433 3048 ad·Domitiam
2474 2957 2829 3038 Lepidam;

1479 3042 1780 3113 Ottavra,
1826 3040 2109 3101 Antonia
2166 3038 2370 3117 major
2424 3038 2495 3101 &t
2542 3036 2829 3102 Domitia

1477 3115 1743 3258 Lepgicda.
1772 3116 1937 3181 Vide
1973 3119 2249 3180 Stemma
2275 3116 2620 3195 Caesarum,
2649 3135 2825 3181 num.

1479 3217 1516 3259 2
1680 3215 1784 3271 93.

1527 3214 1583 3312 5²·
1626 3275 1853 3349 Cmm,
1899 3292 2135 3333 Manu-1
2192 3293 2331 3338 mus
2353 3320 2372 3348 ,
2397 3277 2665 3352 sonori]
2700 3277 2821 3338 Cn.

1473 3351 1797 3415 Domitius
1875 3349 2330 3414 Ahenobarbus
2368 3398 2387 3426 ‚
2467 3351 2825 3433 Agrippinae

1474 3430 1730 3493 maritus
1752 3476 1773 3504 ‚
1808 3428 1998 3497 frater
2031 3445 2161 3492 erat
2199 3429 2501 3493 Domitiae
2541 3433 2822 3511 Lepidae.

1473 3508 1640 3572 Vide
1681 3511 1954 3570 Stemma
1990 3508 2295 3571 Caesarum
2322 3555 2344 3585 ,
2388 3530 2562 3571 num.
2620 3530 2701 3590 34
2752 3513 2821 3574 ὅ(

1477 3608 1583 3720 ²5³:
1619 3668 2046 3741 Vmorem-A]
2094 3662 2324 3754 Melius
2358 3664 2620 3728 violenta.
2655 3666 2819 3732 Vide

1474 3745 1677 3808 Notas
1709 3745 1779 3808 ὃς
1800 3742 2291 3807 Emendationes
2312 3743 2393 3807 ad
2418 3745 2649 3807 Annal.
2677 3748 2819 3821 XII,

1548 3910 1581 3950 4
1620 3904 1995 3965 Juvnmuzu
2041 3905 2360 3978 Amnum]
2407 3902 2707 3966 Neronis·

1554 3990 1572 4035 5
1625 3980 1816 4041 Fruo
1865 4000 2039 4040 nana
2085 3985 2475 4060 menum]
2532 3983 2702 4046 Bene
2732 3981 2816 4044 il-

1474 4057 1636 4121 lustr.
1665 4055 1928 4120 Huetius
1949 4104 1970 4132 ‚
2000 4056 2318 4136 Agrippina
2330 4057 2458 4136 filio
2480 4057 2616 4119 dare
2643 4061 2815 4135 impe·

1471 4137 1614 4199 rium
1664 4135 1854 4216 quibat
1887 4180 1910 4211 ‚
1965 4154 2085 4197 eum
2136 4134 2370 4197 tolerare
2411 4136 2815 4214 imperitantem

1471 4214 1750 4295 nequibat.

1546 4300 1575 4337 ⁶
1617 4296 2110 4360 Devorlomnus
2164 4316 2527 4360 Pnrrvrsser
2570 4299 2600 4374 ]
2657 4297 2812 4360 Non

1519 4375 1649 4439 uod
1678 4372 1929 4438 Claudii
1962 4374 2329 4456 conjugium
2353 4374 2809 4438 devotionibus

1471 4394 1544 4517 ἓ(
1584 4452 2063 4517 incantamentis
2097 4452 2497 4535 quaefiviffet,
2519 4453 2623 4515 sed
2639 4456 2813 4534 quod

1472 4531 1549 4593 iis
1590 4533 1993 4613 Agrippinam
2034 4580 2055 4604 ‚
2110 4532 2362 4595 Claudii
2426 4535 2766 4614 conjugem
2791 4580 2810 4608 ,

1471 4610 1779 4747 perditam
1830 4610 2141 4676 voluisset.
2214 4611 2316 4674 Sic
2377 4610 2543 4673 enim
2598 4612 2811 4693 postu-

1498 4701 1561 4748 at
1599 4688 1910 4767 latinitas;
1942 4691 2125 4754 &ita
2155 4690 2361 4771 paffim
2397 4691 2676 4755 Tacitus.

1538 4768 1987 4853 0⁷·Senvonum
2029 4771 2425 4847 Aemi-unus]
2454 4772 2530 4831 In
2560 4769 2634 4833 eii
2675 4770 2810 4832 Do-

1467 4857 1659 4930 mrtiae
1708 4844 1962 4923 Lepidae
1993 4846 2286 4923 fortuna,
2334 4865 2644 4929 tantoque
2688 4852 2806 4911 Ur-

1467 4920 1564 4986 brs
1607 4920 1759 4985 luxu
1777 4965 1797 4997 ‚
1827 4938 2060 5002 quanta
2080 4924 2317 4993 fuerint
2342 4928 2670 4994 servorum
2700 4946 2809 5008 ag·

2904 2899 3023 2942 nos
3059 2877 3430 2941 testamento
3460 2876 3576 2939 reli
3626 2892 3798 2940 uerat
3818 2878 4101 2957 servorum
4120 2896 4251 2957 qua-

2904 2976 3026 3018 tuor
3075 2954 3250 3018 millia
3311 2973 3526 3017 centum
3597 2955 3800 3016 edet-im
3836 2981 3858 3015 .-
3899 2956 4042 3037 juga
4095 2953 4251 3018 boum

2904 3035 3015 3098 tria
3077 3032 3255 3097 millia
3294 3035 3566 3117 J'excenta
3586 3080 3606 3110 ,
3646 3032 3838 3114 reliqui
3883 3033 4099 3111 pecoris
4145 3052 4250 3098 ce.

2901 3115 3309 3197 quinquaginta
3348 3117 3559 3196 ftptem
3622 3113 3798 3175 millia
3837 3135 3854 3175 :
3915 3114 3975 3175 in
4048 3135 4247 3175 nume-

2901 3214 3026 3256 rato
3083 3195 3293 3260 113Ἠὲ
3328 3240 3348 3270 ,
3412 3209 3683 3257 monetae
3742 3191 4000 3256 Gallice
4062 3193 4247 3260 libras

2911 3296 2931 3335 1
2954 3280 3328 3356 1,673‚015,
3365 3272 3527 3334 Plin.
3556 3273 3864 3345 XXXIII,
3902 3293 3997 3333 ro.

2982 3353 3006 3394 ⁸
3049 3357 3330 3418 Can-mu
3394 3372 3514 3413 sim
3574 3370 3924 3413 numerem
3974 3353 4000 3427 ]
4065 3349 4246 3413 Illam

2902 3432 3162 3496 Narciffi
3197 3429 3556 3495 orationem
3586 3427 3679 3490 sus
3711 3428 3915 3508 deque
3950 3444 4244 3504 vertunt,

2900 3526 3177 3584 mutant,
3205 3530 3276 3572 ac
3301 3510 3556 3572 tandem
3571 3505 4082 3587 inexplicabilem
4101 3528 4245 3587 pror·

2901 3589 3199 3652 nuntiant
3269 3586 3658 3666 interpretes.
3725 3588 3913 3649 Certe
3974 3584 4244 3650 difficilis

2900 3667 2983 3728 est
3005 3670 3075 3733 δε
3103 3664 3409 3729 salebrosa
3432 3713 3453 3741 ,
3491 3681 3561 3727 ut
3587 3663 3831 3728 dicetur
3869 3665 3937 3726 in
3960 3664 4150 3727 Notis
4172 3666 4245 3733 ec

2902 3743 3469 3808 Emendationibus
3514 3743 3592 3806 ad
3643 3743 3867 3806 Annal.
3922 3744 4076 3831 XII,
4137 3747 4243 3833 65.

2894 3824 3163 3889 Videtur
3201 3839 3410 3887 tamen
3449 3821 3652 3886 obvio
3687 3820 3859 3883 sensu
3894 3818 3977 3883 sic
4007 3821 4244 3883 intelli-

2891 3905 3113 3984 genda.
3146 3902 3447 3980 Queritur
3484 3898 3792 3962 Nar-ciffus
3844 3914 4078 3961 certam
4124 3898 4240 3966 fibi

2891 3981 3235 4062 perniciem
3254 4027 3273 4055 ‚
3311 3980 3415 4042 seu
3443 3977 3834 4042 Britannicus
3861 3998 4068 4040 rerum
4088 4024 4108 4052 ‚
4135 3977 4240 4042 seu

2892 4063 3067 4125 Nero
3097 4058 3424 4140 potiretur.
3467 4060 3700 4121 Verum
3727 4055 3816 4119 ita
3850 4057 3928 4119 de
3962 4055 4021 4119 se
4052 4056 4241 4120 meri-

2890 4155 3024 4202 tum
3061 4139 3177 4202 esse
3201 4136 3537 4201 Claudium
3570 4135 3904 4204 Caesarem,
3948 4152 4019 4199 ut
4039 4135 4238 4200 vitam

2887 4218 3021 4281 usui
3054 4220 3185 4296 ejus
3206 4216 3613 4296 impenderet.
3640 4214 4016 4278 Convifitam
4038 4214 4194 4278 olim
4212 4259 4236 4290 ,

2888 4296 3021 4375 ipso
3050 4296 3405 4359 instinctore
3442 4315 3513 4357 ac
3544 4294 3702 4357 duce
3721 4341 3740 4368 ,
3765 4293 4237 4357 Messalinam&

2886 4375 3135 4439 Silium.
3179 4378 3353 4438 Pares
3391 4373 3619 4437 iterum
3659 4371 3986 4435 accusandi
4031 4371 4232 4436 causas

2889 4454 3004 4518 effe
3030 4503 3049 4530 ‚
3075 4454 3122 4516 fi
3139 4456 3312 4517 Nero
3338 4451 3722 4533 imperitaret
3742 4499 3761 4524 ‚
3791 4468 4045 4530 propter
4064 4468 4230 4512 eam-

2888 4533 3035 4597 dem
3074 4532 3430 4615 Agrippinae
3467 4552 3537 4594 ac
3587 4529 3918 4618 Meffalinqe
3961 4525 4231 4616 impudi-

2888 4613 3121 4676 citiam.
3146 4612 3208 4675 si
3244 4614 3398 4675 vero
3422 4610 3775 4673 succederet
3798 4610 4226 4694 Britannicus,

2887 4692 3134 4754 nullum
3171 4690 3283 4754 sibi
3342 4689 3458 4752 effe
3503 4687 3794 4751 meritum
3853 4684 4017 4760 apud
4058 4685 4226 4745 Prin-

2887 4770 3136 4851 cipem,
3182 4768 3486 4832 natalium
3547 4767 3680 4842 jure
3734 4782 3996 4851 regnum
4031 4763 4228 4842 adep-

2886 4865 3016 4911 tum
3046 4896 3064 4921 ‚
3098 4850 3167 4910 δε
3212 4844 3524 4909 infensum
3555 4859 3687 4905 tum
3723 4842 3807 4904 ob
3838 4839 4226 4931 interfeetam

2883 4925 3269 4992 Messalinam
3311 4937 3616 4999 matrem,
3654 4935 3791 4985 tum
3825 4924 4099 4986 maxime
4135 4920 4227 4983 ob
