4975 6149
1476 423 1669 511 '434
1863 378 2314 521 ΝΟΤΑΞ
2390 394 2569 481 ET
2655 391 3872 487 EMENDATIONES

1477 554 1680 659 apud
1723 554 2102 630 Romanos
2129 611 2146 637 ,
2193 550 2409 653 quam
2453 550 2652 652 apud
2690 575 2828 627 nos
2881 549 3345 654 vestigalium
3391 547 3705 639 formae3
3756 568 3843 625 ut
3881 548 4139 631 videre
4183 557 4287 636 est

1481 683 1526 733 a
1581 655 1682 731 ud
1711 653 2003 728 Petrum
2042 648 2535 727 Burmannum
2563 710 2584 744 ‚
2630 655 2706 728 de
2747 654 3182 752 Veaigalibus
3207 654 3435 751 populi
3467 652 3804 738 Romani,
3853 657 3922 727 &
3966 653 4045 728 in
4078 655 4285 736 libro

1564 755 1783 832 allico
1811 807 1833 842 ,
1881 754 2102 825 Traite'
2135 753 2240 827 des
2283 756 2589 829 Finances
2632 755 2736 828 des
2773 756 3085 831 Romaim,
3111 782 3141 825 .·
3197 772 3269 825 at
3315 749 3395 824 in
3427 775 3578 865 quo
3623 769 3884 865 tamen·
3913 752 4108 855 saepe
4157 758 4279 833 di.

1479 853 1860 958 ligentiam
1886 913 1907 944 ,
1953 857 2025 930 δε
2069 851 2151 929 in
2185 852 2687 959 intelligendis
2719 852 3089 931 veteribus
3122 850 3621 953 Scripton-bus
3645 851 4279 956 perspicacitatem

1476 953 1858 1033 defideres.

1586 1052 1911 1155 Populus
1954 1053 2332 1129 Romanus
2385 1053 2738 1130 tributum
2785 1052 3009 1131 solvit
3035 1108 3058 1142 ,
3129 1051 3378 1129 donec
3417 1077 3615 1129 anno
3676 1053 3911 1131 Urbis.
3954 1055 4283 1136 conditae

1477 1178 1827 1233 DLxxxvl
1861 1210 1883 1244 ,
1927 1161 2154 1229 aerario
2227 1156 2457 1228 intulit
2520 1158 2832 1237 AEmilius
2900 1155 3148 1228 Paulus
3180 1215 3200 1241 ,
3246 1155 3466 1251 Petfio
3508 1157 3681 1232 vido
3702 1211 3727 1247 ‚
3778 1185 3809 1230 e
3854 1159 4285 1235 Macedonicd

1468 1273 1701 1372 praedd
1740 1277 1874 1350 HS
1917 1279 2008 1348 M
2020 1277 2126 1347 M.
2191 1277 2410 1349 CCC.
2446 1274 2755 1353 Gallicae
2774 1296 3093 1353 monetae
3117 1275 3331 1352 libras
3357 1283 3733 1381 44,746,5
3791 1305 3869 1375 7,
3895 1309 3938 1355 a
3969 1308 4090 1383 quo
4124 1307 4285 1359 tem-

1468 1401 1631 1471 pore
1668 1376 1940 1470 populus
1985 1382 2304 1447 Romanus
2348 1375 2665 1452 tributum
2705 1378 2974 1476 pendere
3017 1376 3223 1476 defiit.
3275 1377 3464 1456 Plin.
3516 1304 3799 1455 Xxxfl
3865 1438 3892 1475 ,
3946 1409 4020 1486 3.
4064 1385 4285 1463 Cice-

1478 1496 1619 1562 10,
1672 1472 1764 1548 de
1810 1472 2091 1549 Officiis
2117 1528 2141 1564 ‚
2190 1473 2319 1562 ΙΙ,
2380 1498 2508 1550 22.

1503 1610 1506 1615 ·
1585 1573 1784 1647 Tum
1850 1574 2018 1647 sane
2083 1572 2315 1648 visum
2392 1577 2782 1651 maximum
2844 1577 3559 1684 pulcherrimumque
3619 1580 3948 1658 viaoriae
4004 1608 4281 1662 monu-

1478 1693 1830 1752 mentum.
1880 1670 2195 1746 Duravit
2247 1672 2341 1747 us
2375 1699 2471 1748 ue
2542 1677 2638 1753 ad
2706 1701 2975 1752 annum
3023 1679 3250 1754 Urbis
3313 1682 3633 1757 conditae
3696 1706 3975 1772 necin,
4096 1711 4199 1760 uo
4248 1739 4272 1774 ‚

1479 1771 1740 1847 Hirtio
1785 1778 1855 1847 δε
1901 1772 2129 1847 Pansa
2171 1796 2318 1851 con
2351 1774 2593 1852 ulibus
2618 1834 2642 1870 ‚
2695 1776 3044 1854 tributum
3110 1803 3548 1858 renovatum
3591 1779 3712 1858 est.
3775 1712 4138 1860 Plutarcia.
4194 1786 4277 1861 in

1478 1868 1682 1951 Paul.
1734 1871 1982 1947 AEmil.
2039 1896 2208 1986 pag.
2260 1898 2452 1971 275.

1587 1970 2044 2073 Vectigalia,
2095 1996 2174 2046 vi
2228 1994 2397 2050 ente
2470 1975 2895 2076 republica,
2943 2005 3178 2082 pauca
3242 1983 3496 2074 fliete,
3563 2008 3702 2060 nec
3763 1984 4034 2089 gravia.
4083 1984 4278 2061 Nam

1477 2096 1684 2146 anno
1729 2070 1951 2145 Urbis
2007 2096 2152 2146 con
2211 2075 2329 2148 itae
2385 2100 2729 2168 nexem,
2783 2079 2953 2155 cum
3002 2080 3395 2182 Pompeius
3439 2085 3795 2185 Magnus,
3852 2086 3960 2160 M.
4009 2085 4285 2163 Pisone

1480 2176 1551 2246 &
1599 2173 1703 2246 M.
1752 2171 2048 2246 Messala
2100 2173 2520 2250 consulibus
2549 2232 2571 2266 ,
2622 2176 3006 2278 imperium
3061 2182 3274 2255 maris
3318 2184 3609 2284 populo
3675 2187 4013 2259 Romano
4080 2185 4278 2261 resti-

1479 2270 1719 2344 tuiffet
1747 2325 1768 2359 ‚
1806 2270 2194 2371 Afiamque
2221 2328 2242 2362 ,
2329 2300 2498 2347 uam
2529 2276 2859 2350 ultimam
2951 2281 3446 2355 rovinciarum
3478 2306 3902 2382 acceperat,
3943 2286 4269 2361 eamdem

1479 2368 1800 2444 mediam
1847 2369 2098 2470 patriae
2145 2371 2273 2444 red
2329 2372 2616 2461 idisset3
2675 2400 2767 2449 ex
2809 2306 3026 2469 Atia,
3075 2378 3322 2455 Ponto
3356 2437 3378 2471 ,
3433 2382 3820 2474 Armenia,
3863 2383 4266 2488 Paphlago-

1479 2469 1607 2543 nia
1624 2524 1645 2557 ,
1667 2468 2147 2568 Cappadocia
2161 2526 2181 2559 ,
2204 2471 2471 2548 Cilicia
2485 2528 2507 2563 ‚
2524 2474 2727 2574 Syria
2745 2532 2765 2565 ‚
2783 2476 3067 2577 Scythis
3082 2534 3104 2570 ,
3118 2480 3161 2552 J
3164 2479 3390 2555 udaeis
3409 2534 3427 2569 ,
3444 2482 3745 2558 Albanis
3761 2540 3782 2574 ,
3802 2484 4037 2561 Iberia
4052 2543 4073 2577 ,
4089 2486 4269 2560 insu·

1478 2566 1555 2641 la
1603 2567 1873 2656 Creta,
1927 2566 2281 2643 Basternis
2310 2627 2331 2661 ,
2381 2577 2452 2647 δε
2503 2573 2713 2675 super
2757 2576 2919 2650 haec
2969 2576 3062 2652 de
3109 2580 3397 2682 regibus
3433 2581 3862 2660 Mithridate
3895 2608 4112 2689 atque
4144 2587 4275 2661 Ti-

1479 2689 1707 2766 grane
1745 2665 2255 2769 triumphavit.
2303 2670 2501 2747 Inter
2550 2697 2840 2751 ceteros
2890 2677 3243 2780 triumphi
3284 2682 3539 2757 titulos
3594 2684 3655 2760 is
3693 2685 4070 2762 enitebat:
4121 2690 4267 2760 An-

1480 2789 1547 2839 te
1593 2771 1722 2840 haec
1764 2768 1982 2856 bella,
2028 2773 2377 2869 veeligalia
2396 2778 2922 2869 populiRomani
2945 2780 3143 2875 fuiffie
3188 2783 3282 2855 bis
3329 2787 3565 2857 millies
3592 2841 3614 2875 ,
3671 2786 3977 2862 Gallicae
4023 2813 4273 2864 mone·

1478 2886 1575 2939 tae
1629 2862 1845 2940 libras
1893 2874 2398 2970 38,910,050.
2442 2876 2557 2945 Ex
2612 2881 2691 2947 iis
2751 2881 2950 2979 verb,
3014 2905 3150 2979 quoe
3202 2886 3330 2979 ipsi·
3374 2884 3535 2957 Urbi
3578 2885 3961 2976 addiderat,
4014 2890 4123 2989 ff
4171 2913 4273 2963 ter

1481 2966 1721 3038 millies
1763 2968 2279 3065 quadringenties
2305 3032 2324 3059 ,
2373 2972 2687 3049 Gallicae
2727 2997 3049 3052 monetae
3089 2979 3310 3057 libras
3355 2985 3770 3084 66,147‚08
3778 3011 3855 3085 5.
3887 2995 4036 3091 Πρὸς
4062 2996 4125 3062 δὲ
4153 2988 4268 3062 24-

1476 3101 1606 3145 τοις
1638 3072 1846 3168 ’ἔφραζε
1890 3067 2001 3142 sea?
2045 3074 2164 3143 τὶἶν
2215 3071 2610 3173 γραμμοῖτων
2661 3078 2755 3152 ὅτι
2799 3091 3264 3184 mvn-anezan!
3308 3085 3425 3181 1⁴2³)
3465 3087 3761 3189 μυριοίιῆς
3823 3103 3885 3164 ἔκ
3930 3097 4047 3166 vair
4085 3096 4272 3166 πλῖῖν

1476 3177 1772 3266 ὖπῖὅρχον,
1813 3180 1875 3240 ἔκ
1910 3177 1975 3243 spi
2008 3171 2083 3244 ὗν
2116 3179 2305 3253 αὐτὸς
2347 3211 2395 3248 π
2427 3184 2787 3254 onznia-avo
2818 3186 2895 3275 vii
2926 3189 3100 3256 πόλει
3126 3188 3442 3286 μυριοίθας
3487 3198 3933 3291 ὄκταικιχιλίαις
3976 3225 4274 3266 πεντακο-

1477 3272 1616 3344 σίαις
1644 3266 2049 3357 λαμζοίνκσιν.
2092 3211 2455 3350 Plutarcii.
2498 3275 2576 3349 in
2625 3278 2988 3379 Pompeio
3015 3336 3037 3371 ,
3094 3308 3262 3385 pag.
3317 3286 3494 3382 642.

1489 3421 1492 3426 .
1577 3361 1883 3439 Novum
1945 3369 2365 3474 grandeque
2443 3374 2975 3454 incrementum
3033 3384 3318 3459 accessit
3373 3445 3397 3474 ,
3466 3384 3763 3463 devictis
3829 3386 4109 3461 Galliis.
4161 3388 4274 3462 Iis

1474 3461 1676 3537 enim
1712 3465 1945 3540 Julius
1995 3469 2281 3561 Caesar,
2343 3473 2625 3567 victor,
2674 3479 2867 3553 circa
2930 3505 3199 3559 annum
3276 3484 3494 3561 Urbis
3560 3485 3876 3561 conditae
3942 3509 4196 3562 Dccm
4242 3543 4275 3578 ,

1474 3565 2038 3665 quadringenties,
2097 3570 2404 3651 Gallicae
2451 3598 2771 3654 monetae
2816 3578 3035 3656 libras
3079 3589 3530 3682 7,782,010‚
3599 3593 3669 3658 in
3709 3587 4003 3688 fingulos
4065 3613 4272 3662 annos

1461 3660 1772 3758 stipendii
1820 3673 2071 3744 nomine
2110 3678 2452 3771 impoficit,
2501 3680 2805 3755 Sueton.
2854 3682 2932 3756 in
2978 3683 3123 3760 Jul.
3167 3684 3399 3763 XXV.
3447 3685 3684 3784 Quod
3735 3741 3757 3777 ,
3818 3687 3985 3761 affis
4036 3685 4266 3761 censi-

1474 3758 1649 3852 bus,
1704 3762 1809 3838 ita
1856 3768 2106 3865 postea
2154 3774 2475 3852 accrevit
2526 3833 2548 3869 ,
2609 3800 2692 3855 ut
2742 3780 2906 3883 plus
2982 3785 3199 3884 quarn
3276 3788 3583 3864 Gallicae
3653 3807 3972 3864 monetae
4041 3785 4256 3860 libras

1468 3862 1527 3935 6
1539 3881 1980 3974 5,o00‚ooo‚
2022 3869 2397 3953 solverint.
2438 3875 2530 3952 Id
2573 3882 2768 3970 enim
2806 3882 3048 3959 innuit
3082 3885 3412 3962 Velleius
3445 3886 3863 3963 Paterculus
3886 3943 3911 3978 ,
3956 3885 4078 3977 ΙΙ,
4129 3911 4253 3986 39.

1466 3958 1730 4036 Galhae
1775 3964 1941 4039 Caii
1986 3970 2281 4048 Caesaris
2321 3979 2516 4050 dublu
2558 3984 2969 4085 auspicii-[qne
3001 3987 3296 4083 infraffae
3327 4038 3351 4073 ‚
3390 4012 3572 4080 pane
3602 3988 3767 4059 idem
3801 4037 3823 4073 ,
3874 3988 4042 4085 quod
4092 4010 4263 4062 totus

1464 4080 1792 4134 terrarum
1838 4070 2050 4161 orbis,
2081 4078 2394 4170 ignavum
2422 4082 2756 4177 conferunt
2784 4084 3324 4184 stipendium....
3381 4083 3622 4162 Divus
3667 4085 4036 4188 Augustus
4079 4113 4261 4184 poene

1465 4157 1677 4333 &13313
1713 4164 1908 4259 fam
1945 4174 2238 4338 ffgypto
2253 4175 2731 4273 stipendiarid,
2768 4187 3078 4283 quantdm
3099 4206 3290 4279 pater
3318 4190 3454 4285 ejus
3504 4186 3744 4260 Gallia
3768 4247 3789 4276 ,
3835 4194 3907 4263 in
3954 4195 4261 4266 ararium

1464 4284 1539 4330 re
1585 4285 1713 4334 itus
1764 4289 1948 4341 contu
1978 4292 2054 4343 it.

1567 4361 1830 4438 Annus
1871 4391 2022 4444 erat
2042 4368 2263 4446 Urbis
2290 4373 2612 4450 conditae
2648 4403 2987 4455 Dccxxlv
3008 4436 3029 4471 ,
3060 4380 3231 4458 cum
3249 4383 3365 4459 Au
3469 4386 3608 4462 stus
3623 4389 3954 4502 AEgypto
3977 4388 4265 4489 potitus

1463 4455 1570 4538 est
1596 4516 1616 4549 ‚
1668 4488 1884 4563 quam
1932 4468 2163 4548 statim
2203 4473 2359 4572 ipse
2384 4531 2405 4564 ,
2454 4476 2614 4576 post
2656 4479 2996 4558 Tiberius
3042 4482 3312 4588 aliique
3353 4412 3725 4590 ffincipes
3766 4510 3955 4564 mter
3999 4489 4262 4587 praeci-

1517 4582 1615 4632 na
1664 4568 1869 4676 regni
1917 4569 2385 4649 instrumenta
2424 4580 2495 4651 &
2542 4602 2801 4693 arcana
2849 4582 3193 4660 habuere.
3270 4589 3645 4683 Quantum
3697 4607 3934 4660 autem
3978 4586 4253 4660 reditfis

1477 4731 1478 4734 ,
1532 4683 1810 4737 omanis
1844 4672 2241 4769 contulerit
2267 4677 2651 4851 AEgyftuS,
2679 4684 3048 4783 conjicere
3068 4688 3436 4786 pofl'umus
3456 4715 3545 4764 ex
3565 4686 3955 4774 Strabone,
3993 4683 4203 4759 XVII
4226 4743 4250 4776 ‚

1456 4776 1625 4852 pag·
1663 4769 1856 4872 ⁹798.
1912 4770 2046 4843 Ait
2086 4776 2279 4847 enim
2321 4774 2463 4851 Pto
2497 4804 2730 4858 emaeo
2782 4789 3043 4860 Auletoe
3070 4841 3093 4875 ,
3127 4786 3547 4889 Cleopatrae
3628 4786 3805 4874 atri,
3855 4787 4252 4885 quotannis

1451 4854 1684 4951 pendi
1735 4863 2033 4947 solitum
2073 4873 2432 4953 tributum
2490 4906 2599 4960 x11
2638 4910 2725 4962 m.
2776 4910 2856 4966 D.
2898 4886 3341 4966 talentorum
3371 4945 3397 4989 ,
3443 4893 3510 4964 G
3613 4886 3740 4965 icae
3794 4907 4115 4965 monetae
4159 4882 4252 4980 lif
