4975 6149
963 446 1131 536 AD
1163 444 1632 533 LIBRUM
1664 442 1857 533 XV.
1899 440 2185 536 ANN.
2230 447 2329 537 C.
2386 450 2750 540 CORN.
2802 451 3224 546 TACITI.
3334 487 3521 572 497

713 606 904 685 'illam
939 609 1270 693 tunicam,
1314 605 1643 676 alimentis
1684 608 1935 695 ignium
1982 607 2058 679 ὃ*
2103 608 2349 679 illitam
2403 610 2478 680 Εσ·
2523 614 2890 702 intextam,
2945 616 3256 715 quidquid
3288 621 3511 718 aliud,

701 730 947 806 prater
974 709 1104 779 haec
1141 727 1495 777 commenta
1515 706 1785 799 saevitia
1825 705 1933 803 est.
2522 757 2531 766 ·
2719 776 2730 794 ,

821 810 1003 902 Quo
1029 826 1271 881 autem
1290 826 1629 904 tempore
1649 804 1809 880 haec
1825 805 1998 905 passi
2016 803 2148 879 sint
2171 804 2585 896 Christiani,
2612 810 3137 910 explorandum
3160 815 3512 916 superest:

707 906 1031 982 Ecclesia
1097 904 1351 979 uidem
1365 904 1698 980 Romana
1718 907 1790 979 in
1810 910 1943 981 suo
1961 907 2508 1010 Martyrologio
2530 905 2783 985 eorum
2799 914 3219 989 memoriam
3236 919 3506 994 recolit

711 1006 836 1082 die
861 1006 1032 1110 vige
1062 1007 1206 1080 rma
1234 1007 1489 1107 quarta
1528 1006 1723 1082 Junii
1751 1063 1771 1096 ,
1818 1033 1980 1109 quae
2029 1007 2184 1082 dies
2237 1010 2657 1083 emortualis
2697 1010 2833 1086 esse
2870 1037 3025 1087 non
3056 1016 3315 1114 potest.
3355 1018 3504 1094 Sed

711 1133 975 1183 eorum
1003 1106 1355 1184 memoria
1378 1108 1722 1207 praemissa
1757 1106 1857 1182 est
1886 1107 2231 1183 dieifesto
2263 1109 2431 1183 DD.
2452 1110 2744 1184 Petri&
2766 1111 3009 1202 Pauli,
3041 1116 3166 1215 qui
3196 1117 3501 1194 ineunte

767 1229 976 1283 uarto
1019 1206 1176 1308 post
1209 1233 1406 1282 anno
1461 1233 1599 1308 pro
1662 1208 1918 1285 eadem
1962 1207 2323 1310 religione
2357 1209 2649 1284 fortiter
2683 1212 3120 1290 occubuere.
3159 1214 3499 1292 Eruditus

710 1236 859 1384 Jos.
888 1309 1244 1410 Scaliger,
1288 1311 1364 1382 de
1386 1309 1656 1395 Emend.
1691 1311 1906 1405 Temp.
1936 1308 2099 1383 libr.
2139 1310 2224 1384 V.
2261 1334 2431 1411 pag.
2472 1335 2630 1409 472
2657 1365 2677 1401 ‚
2710 1310 3060 1388 existimat
3092 1319 3252 1388 hanc
3290 1321 3496 1415 perse-

715 1415 1032 1482 cutionem
1076 1408 1308 1505 coeprfle
1336 1415 1588 1482 circiter
1631 1435 1990 1484 extremum
2030 1413 2242 1498 Julii,
2285 1434 2400 1482 aut
2447 1417 2708 1484 initium
2742 1414 3041 1509 Augusti.
3086 1416 3318 1510 Quod
3353 1417 3497 1491 mi...

715 1509 915 1582 nime
957 1508 1346 1609 probabile
1399 1508 1858 1584 crediderim.
1897 1508 2118 1585 Urbis
2151 1509 2503 1585 incendio
2532 1511 2694 1584 finis
2736 1512 2956 1586 faetus
2986 1512 3104 1587 die
3148 1540 3251 1608 27
3290 1516 3490 1596 Julii.

705 1606 930 1681 *Tunc
960 1663 981 1696 ,
1035 1607 1209 1683 teste
1253 1607 1526 1685 Tacito
1552 1666 1573 1700 ,
1599 1610 1897 1710 provisa
1934 1609 2222 1712 populo
2266 1610 2649 1686 exturbato
2711 1617 2781 1685 δε
2818 1611 3139 1714 profugo
3184 1614 3444 1691 solatia
3469 1644 3493 1693 t

708 1727 998 1782 cautum
1028 1731 1107 1783 ut
1146 1708 1314 1783 urbs
1341 1735 1541 1784 nova
1568 1710 2059 1787 conderetur:
2101 1712 2470 1812 praecipua
2519 1711 2874 1811 Principis
2924 1738 3095 1786 cura
3140 1713 3220 1786 in
3257 1715 3489 1791 domo

707 1807 836 1881 sua
884 1809 1099 1883 aurea
1134 1807 1598 1885 exstruenda:
1641 1837 1816 1886 mox
1854 1812 2089 1911 petita
2131 1809 2266 1885 diis
2310 1811 2645 1912 piacula:
2693 1811 3176 1911 supplicatum
3217 1809 3490 1889 Vulca-

711 1931 854 1997 no,
904 1910 1207 2000 Cereri,
1234 1909 1727 2011 Proserpinae,
1758 1910 2082 2002 Junoni;
2128 1937 2287 2014 quae
2322 1910 2576 1986 omnia
2620 1911 2810 1985 intra
2858 1933 3262 1986 extremum
3309 1915 3490 1993 Julii

705 2027 835 2082 aut
884 2007 1171 2084 initium
1219 2008 1524 2111 Augusti
1551 2012 1708 2085 fieri
1739 2037 1892 2107 non
1921 2033 2255 2112 potuere.
2742 2081 2755 2096 .

812 2107 932 2182 Cl.
968 2107 1093 2182 des
1130 2109 1482 2211 Vignoles
1506 2167 1528 2200 ‚
1565 2112 1846 2210 Histoire
1878 2118 2167 2213 Critique
2193 2115 2361 2186 dela
2390 2114 2554 2209 Re'p.
2577 2114 2682 2186 des
2708 2116 2956 2188 Lettres
2977 2170 2998 2203 ,
3024 2113 3247 2188 Torn.
3274 2114 3491 2190 VIII.

708 2231 878 2307 pag.
912 2230 1015 2304 74
1041 2215 1110 2284 8(
1137 2209 1259 2312 seq
1315 2267 1330 2284 .
1360 2208 1457 2283 sin
1563 2210 1632 2284 la
1682 2212 2165 2312 explicaturus
2190 2269 2209 2302 ‚
2241 2239 2282 2286 a
2307 2211 2763 2288 Kalendariis
2790 2219 2858 2287 ὅ(
2884 2213 3249 2287 veteribus
3274 2214 3489 2315 scrip-

706 2306 988 2381 toribus
1010 2309 1229 2408 petiit
1262 2237 1413 2385 dies
1469 2336 1673 2387 acros
1694 2313 2031 2388 Vulcano
2056 2369 2075 2402 ,
2115 2312 2369 2387 Cereri
2394 2368 2414 2400 ‚
2441 2313 2891 2412 Proserpinae
2911 2367 2931 2400 ,
2965 2310 3235 2388 Junoni
3257 2368 3277 2400 ‚
3347 2339 3488 2388 uos

705 2404 880 2482 cum
933 2409 1299 2509 reperisset
1334 2435 1456 2486 aut
1489 2433 1943 2488 commentus
1971 2412 2141 2488 esset
2163 2469 2184 2502 ,
2224 2412 2313 2486 iis
2354 2409 2575 2485 affixit
2604 2413 2791 2485 deam
2818 2415 3271 2507 placamenta:
3298 2341 3484 2492 dein

704 2505 877 2581 cum
925 2506 1004 2581 in
1035 2507 1321 2587 ludicro
1367 2512 1959 2602 Circensi-Nero,
2003 2521 2248 2614 aurigae
2304 2515 2527 2584 habitu
2568 2518 2934 2607 permixtus
2982 2514 3155 2605 plebi
3194 2537 3485 2588 merno-

707 2629 984 2682 raretur
1006 2665 1026 2698 ,
1057 2611 1320 2707 quaefiit
1354 2613 1430 2685 in
1467 2613 1911 2688 Kalendario
1951 2614 2165 2689 ludos
2197 2611 2533 2712 plebeios
2552 2637 2576 2699 ;
2607 2610 2727 2686 die
2766 2637 2869 2686 xv
2892 2609 3334 2685 Novembris
3355 2638 3484 2687 no-

705 2727 896 2783 tatos
959 2709 1201 2785 vidit:
1245 2711 1416 2784 inde
1449 2713 1976 2809 persecutionis
2032 2713 2324 2786 initium
2354 2712 2725 2797 adseruit3
2776 2710 3215 2810 speciosiore
3273 2713 3491 2802 cura,

711 2809 924 2908 quam
952 2810 1275 2884 utiliore.
1308 2808 1499 2882 Nam
1530 2809 1664 2881 diis
1704 2809 2190 2908 supplicatum
2237 2835 2436 2882 extra
2492 2809 2830 2883 ordinem
2861 2864 2880 2896 ,
2932 2835 3072 2909 pro
3130 2813 3486 2909 temporis

701 2909 1114 2983 necestitate
1145 2965 1165 2998 ,
1198 2908 1480 2982 senatus
1505 2908 2004 3009 Principisque
2050 2907 2387 2994 decret0‚
2423 2927 2505 2980 ut
2534 2907 2607 2977 in
2641 2907 2726 2979 iis
2759 2933 2996 2980 rerum
3025 2908 3485 2984 circumstan-
3548 2993 3553 2996 ,

701 3007 822 3083 tiis
852 3008 1133 3111 semper
1177 3009 1596 3084 faffltatum.
1629 3009 1794 3084 Nec
1854 3009 2170 3086 ludicrum
2226 3005 2412 3081 illud
2463 3005 2746 3101 Circense
2798 3005 2996 3081 i‘dem
3037 3005 3138 3080 est
3192 3033 3279 3085 ac
3325 3009 3485 3086 ludi

702 3108 1003 3209 plebeii.
1037 3110 1143 3185 Hi
1168 3111 1361 3185 enim
1391 3110 1481 3185 ab
1504 3110 1836 3186 aedilibus
1853 3108 2220 3185 curulibus
2238 3106 2685 3182 edebantur:
2713 3104 2896 3179 illud
2925 3161 2947 3195 ,
2975 3105 3152 3181 teste
3180 3108 3484 3199 Tacit0‚

701 3234 749 3283 a
774 3207 1112 3310 Principe
1145 3211 1421 3284 editum
1443 3265 1464 3300 ,
1495 3218 1564 3285 &
1596 3237 1637 3284 a
1668 3210 2040 3290 Juvenalis
2076 3206 2476 3285 Scholiaste
2507 3233 2732 3278 munus
2760 3210 3034 3280 Neronis
3078 3205 3368 3280 dicitur.

797 3309 1057 3411 Itaque
1118 3310 1497 3402 Taciturn,
1545 3333 1796 3394 vetera
1854 3332 2328 3390 monumenta
2351 3366 2371 3400 ,
2425 3331 2665 3381 mores
2721 3305 3063 3479 legescffe
3117 3304 3483 3382 Romanas

702 3408 1149 3509 expendenti
1196 3410 1381 3485 mihi
1428 3411 1718 3488 videtur
1764 3411 1984 3487 finem
2015 3411 2190 3489 Julii
2237 3409 2670 3510 initiumque
2720 3410 2941 3507 Augu
3004 3405 3028 3477 i
3065 3404 3485 3482 consterna-

703 3506 896 3581 tioni
923 3517 991 3584 ὃς
1019 3510 1293 3585 solatiis
1315 3513 1650 3611 petendis
1678 3511 2268 3615 accipiendisque
2305 3510 2548 3584 datum
2578 3535 2595 3582 :
2620 3533 2755 3609 per
2791 3506 3152 3608 reliquum
3175 3505 3481 3609 Augusti

703 3605 1347 3713 Septembremque
1393 3613 1713 3688 mensem
1744 3612 1835 3687 de
1888 3611 2089 3686 Urbe
2139 3609 2595 3686 restauranda
2638 3606 3205 3708 exstruendaque
3249 3606 3481 3682 domo

704 3709 923 3782 aurea
979 3708 1116 3784 esse
1147 3712 1601 3788 consultum:
1631 3713 1819 3791 inter
1853 3711 2226 3787 licentiam
2275 3708 2828 3786 vindemialium
2852 3706 3190 3781 feriarum
3214 3760 3237 3796 ,
3268 3733 3431 3808 quae
3452 3759 3483 3799 ,

701 3828 785 3881 ut
819 3807 1125 3882 diximus
1153 3812 1418 3887 Annal.
1448 3811 1549 3885 XI
1576 3870 1592 3895 ‚
1634 3838 1722 3912 31
1752 3868 1771 3901 ‚
1805 3842 1845 3885 a
1871 3814 2105 3886 decimo
2134 3811 2574 3883 Kalendarum
2602 3810 2974 3902 Septembris
3009 3808 3193 3906 usque
3227 3813 3294 3879 in
3324 3809 3483 3879 Idus

703 3910 1003 3984 Oblobris
1033 3911 1623 3988 concedebantur
1647 3968 1667 4002 ,
1701 3911 2180 4008 percrebuisse
2202 3934 2567 3986 rumorem
2594 3905 3119 3982 incendiarium
3150 3905 3287 3980 effe
3320 3905 3483 3980 Ne·-

704 4031 1006 4085 ronem:
1051 4010 1214 4112 post
1251 4012 1461 4087 ferias
1510 4010 1959 4087 Christianos
2007 4037 2049 4086 a
2085 4011 2389 4086 Nerone
2431 4034 2597 4084 reos
2642 4007 3006 4082 subditos:
3043 4032 3083 4080 a
3115 4005 3485 4105 judicibus,

703 4131 1082 4219 correptos
1137 4111 1655 4214 damnatosque
1684 4169 1704 4202 ,
1756 4118 1823 4187 ὅ(
1852 4112 2083 4212 poenis
2118 4110 2411 4187 affee'cos
2434 4166 2454 4200 ,
2502 4134 2656 4184 non
2675 4135 2831 4183 uno
2861 4107 3275 4208 eodemque
3300 4106 3421 4189 die
3449 4159 3479 4197 ‚

702 4205 829 4279 sed
868 4205 1156 4281 diversis
1185 4211 1437 4287 diebus
1462 4269 1481 4302 ‚
1531 4214 1664 4289 reli
1718 4220 1818 4289 1⁹10
1858 4211 2171 4288 Onobri
2211 4219 2280 4286 &
2321 4208 2734 4285 Novembri
2779 4207 3175 4283 mensibus:
3212 4207 3291 4279 in
3334 4228 3481 4280 tres

698 4303 934 4379 veluti
962 4303 1201 4379 classes
1245 4308 1516 4383 divisos
1543 4242 1747 4389 fuisie
1774 4312 2275 4400 Christianos3
2332 4310 2518 4386 alios
2570 4309 2900 4385 crucibus
2954 4307 3201 4380 affixos
3230 4331 3249 4390 3
3283 4303 3471 4378 alios

704 4404 1019 4480 ferarum
1060 4405 1278 4507 tergis
1327 4413 1703 4484 contedos
1738 4468 1758 4499 ,
1810 4412 2196 4488 laniatibus
2232 4437 2493 4488 canum
2546 4418 2939 4506 (cruentos
2989 4406 3176 4476 inter
3213 4401 3426 4477 ludos
3451 4432 3485 4493 ,⁴

700 4525 786 4580 ut
831 4506 1159 4606 opinor)
1211 4505 1653 4601 discerptos;
1690 4509 1910 4583 duces
1935 4537 2021 4585 ac
2053 4511 2387 4588 dostores
2414 4507 2967 4585 domesticarum
3016 4500 3478 4577 ecclesiarum

702 4604 1147 4693 reservam,
1202 4604 1279 4679 in
1328 4603 1649 4702 Circenli
1694 4604 2026 4696 ludicro,
2061 4610 2184 4682 seu
2217 4635 2516 4683 munere
2569 4603 2921 4686 Neronis,
2973 4601 3299 4704 ignibuS,
3350 4623 3483 4683 tae-

706 4703 958 4778 darum
1004 4703 1256 4797 instar,
1293 4704 1741 4782 cremandos.
1788 4705 1909 4779 Sic
1944 4705 2169 4779 ferme
2193 4707 2706 4781 Diocletianus
2750 4707 3032 4775 aublores
3072 4732 3145 4776 ac
3162 4707 3478 4797 principes

702 4803 1200 4882 maleficorum
1231 4813 1300 4882 &
1333 4804 1906 4880 Manichaeorum
1929 4803 2112 4900 justit
2121 4807 2451 4898 flammeis
2482 4804 2734 4902 ignibus
2762 4802 3011 4894 exuri,
3050 4800 3246 4881 Cod.
3276 4800 3480 4878 Gre-

700 4903 986 5006 goriam.
1033 4905 1200 4988 libr.
1228 4906 1419 4989 XIX.
1453 4904 1608 4985 Tit.
1660 4928 1739 5006 4.
1775 4902 1868 4983 de
1897 4901 2272 4985 Maleficis.

947 5047 1027 5131 T
1018 5077 1165 5134 ome
1202 5051 1317 5139 II.
2884 5049 2971 5133 R
2995 5074 3032 5128 r
3056 5073 3096 5143 r
