4975 6149
1405 395 1584 478 104'
1930 371 2029 457 C.
2150 366 2988 456 CORNELII
3094 365 3711 478 TAC1T21

1067 579 1072 582 -
1113 565 1344 614 ..Ξ
1394 536 1665 637 necin,
1680 528 1975 619 liberto
2006 532 2334 617 Caesaris
2355 544 2376 578 ¹
2409 560 2635 647 patre
2658 535 3021 646 genitus,
3051 529 3329 647 ignara
3354 560 3646 639 matre,
3673 534 3861 620 dein
3887 527 4166 627 frustra

1111 647 1177 698 A.
1198 648 1260 698 U.
1281 648 1348 698 C.

1152 739 1299 800 808.

1155 857 1203 906 J.
1240 861 1299 911 G·

1174 959 1213 1024 5
1219 960 1277 1022 5·

1394 659 1812 746 obnitente
1841 697 1871 765 5
1909 662 2227 776 penitus
2257 661 2748 774 inrepserant
2777 691 2916 775 per
2951 658 3235 743 luxum
3268 669 3349 745 ὅ(
3390 660 3768 774 ambigua
3809 663 4156 751 secreta:

1390 818 1492 870 ne
1546 786 2071 871 severioribus
2132 787 2454 896 quidem
2498 788 2895 901 Principis
2955 791 3233 871 amicis
3283 784 3933 893 adversantibus,
3976 789 4159 873 muss·

1385 911 1764 1020 liercula,
1790 911 2013 997 nulla
2038 909 2507 1023 cujusquam
2533 908 2820 1019 injuria
2833 973 2861 1016 ‚
2880 914 3297 1027 cupidines
3311 915 3704 1028 Principis
3735 913 4153 1030 explente:

1388 1041 1711 1152 quando
1737 1070 1991 1124 uxore
2016 1038 2110 1124 ab
2131 1037 2469 1123 Ofilavia
2483 1098 2512 1141 ,
2544 1037 2803 1121 nobili
2832 1040 3157 1148 quidem
3193 1047 3274 1122 ὃς
3314 1036 3733 1159 probitatis
3753 1041 4109 1155 spe&atae
4125 1106 4156 1151 ,

1385 1167 1557 1251 fato
1597 1168 2000 1278 quodam,
2055 1198 2154 1250 an
2202 1167 2388 1275 quia
2433 1161 2869 1278 praevalent
2918 1161 3233 1247 inlicita
3267 1173 3296 1207 ²
3327 1225 3355 1268 ,
3399 1164 3874 1251 abhorrebat
3916 1204 3933 1251 :
3987 1200 4161 1267 me-·‚

1382 1293 1915 1405 tuebaturque
1963 1322 2064 1376 ne
2115 1295 2200 1374 in
2229 1294 2489 1405 stupra
2532 1290 3014 1374 feminarum
3069 1287 3512 1374 inlustrium
3542 1322 4159 1412 prorumperet,

1247 1450 1255 1457 ·
1382 1419 1442 1503 s1
1484 1416 1626 1502 illa
1663 1419 1999 1504 libidine
2037 1416 2623 1532 prohiberetur.

1509 1547 1781 1630 XIII.
1849 1548 2036 1628 SED
2086 1545 2539 1658 Agrippina
2600 1542 3461 1631 «libertam-aemulam
3488 1605 3513 1649 ,
3558 1578 3849 1631 nurum
3900 1543 4157 1634 ancil-

1381 1668 1612 1755 »lam
1648 1682 1807 1773 ἰν,
1863 1670 2174 1781 aliaque
2239 1671 2613 1756 eumdem
2676 1673 2759 1753 in
2841 1671 3179 1755 modum
3233 1672 3726 1756 muliebriter
3784 1676 4152 1760 fremere.

1378 1800 1676 1909 Neque
1716 1800 2257 1912 paenitentiam
2294 1795 2442 1879 filii
2470 1857 2499 1900 ,
2560 1825 2696 1883 aut
2726 1797 3173 1883 satietatem
3226 1801 3577 1915 opperiri
3617 1835 3634 1882 :
3690 1801 4154 1916 quantoque

1379 1923 1729 2008 foediora
1792 1921 2326 2040 exprobrabat
2364 1982 2391 2026 ,
2457 1927 2717 2009 acrius
2784 1925 3228 2010 accendere
3283 1961 3300 2009 ε
3368 1927 3634 2010 donec
3711 1929 3797 2010 vi
3859 1931 4152 2013 amoris

1378 2048 1739 2133 suba&us
1767 2110 1795 2153 ,
1837 2078 2165 2134 exueret
2203 2048 2679 2159 obsequium
2700 2052 2784 2132 in
2814 2077 3150 2134 matrem
3175 2111 3202 2153 ,
3241 2051 3481 2160 seque
3531 2054 3856 2136 Senecae
3888 2064 3924 2113 4
3968 2084 4155 2169 per·

1376 2179 1763 2260 mitteret.
1799 2175 1928 2256 Ex
1970 2171 2196 2280 cujus
2223 2171 2747 2255 familiaribus
2787 2175 3134 2258 Annaeus
3164 2178 3558 2257 Serenus5
3589 2235 3616 2277 ,
3648 2176 4156 2261 simulatione

1381 2303 1676 2385 amoris
1735 2299 2108 2383 adversus
2167 2296 2534 2381 eamdem
2584 2295 3007 2401 libertam,
3064 2301 3354 2413 primas
3405 2297 3938 2386 adolescentis
4006 2333 4151 2386 cu-

1381 2426 1696 2541 pidines
1754 2423 2201 2527 velaverat,
2249 2421 2843 2538 praebueratque
2879 2454 3222 2528 nomen,
3250 2450 3339 2509 ut
3372 2455 3537 2536 quae
3562 2427 3946 2542 Princeps
3984 2428 4152 2510 fur-

1377 2554 1531 2636 tim
1585 2548 2075 2636 mulierculae
2119 2549 2522 2635 tribuebat
2551 2609 2579 2652 ,
2628 2547 2768 2634 ille
2816 2548 3087 2666 palam
3114 2550 3562 2664 largiretur.
3600 2553 3819 2635 Tum
3858 2557 4155 2668 Agrip-

1380 2681 1572 2795 pina
1592 2737 1620 2782 ,
1645 2678 1879 2762 versis
1907 2674 2204 2762 artibus
2228 2737 2256 2780 ,
2287 2706 2428 2791 per
2452 2673 3006 2762 blandimenta
3032 2674 3413 2786 juvenem
3440 2678 3810 2791 adgredi,
3851 2715 3895 2757 «
3921 2682 4150 2762 suum

1381 2807 1714 2920 »potius
1766 2800 2237 2889 cubiculum
2303 2834 2398 2886 ac
2483 2802 2815 2885 finum»
2895 2806 3187 2887 offerre
3263 2806 3923 2917 «contegendis,
3982 2836 4151 2917 qua:

1380 2933 1701 3045 »prima
1749 2958 1980 3033 aetaS,
2043 2938 2127 3014 ὃ(
2202 2931 2509 3012 summa
2556 2929 2894 3012 fortuna
2951 2956 3420 3044 expeterent
3450 2965 3535 3014 ›>.
3597 2933 3831 3043 Quin
3895 2940 3979 3015 &c
4028 2932 4149 3016 fa-

1379 3055 1701 3143 tebatur
1763 3058 2477 3172 «intempestivam
2533 3054 3114 3141 severitatem»
3157 3053 3234 3160 ⁶,
3299 3064 3382 3147 ὃ(
3439 3057 3753 3149 suarum
3815 3089 4062 3173 opum
4118 3067 4150 3117 ⁷

1384 3215 1552 3303 quoe
1609 3185 1824 3271 haud
1874 3181 2163 3301 procul
2218 3183 2765 3301 Imperatoriis
2822 3180 3152 3271 aberant
3185 3242 3216 3290 ,
3267 3186 3541 3305 copias
3587 3182 3949 3278 tradebat
3991 3220 4008 3269 ι
4060 3210 4154 3272 ut

1466 3464 1484 3494 ¹
1516 3454 1808 3514 Lmen-m
1831 3448 2155 3527 Cassius]
2181 3450 2445 3515 Liberto
2477 3450 2730 3515 Claudii
2807 3449 3074 3527 ancipitis
3098 3448 3252 3511 cibi?
3287 3452 3522 3513 Sereno
3541 3496 3562 3526 ,
3584 3445 3699 3513 fibi
3743 3444 4104 3511 amiciffimo
4124 3490 4150 3523 ‚

1383 3529 1656 3595 Caesaris·
2807 3529 3044 3593 librum
3076 3528 3143 3589 de
3179 3525 3605 3606 Tranquillitate
3642 3525 3815 3587 animi
3854 3524 4154 3605 inscripfit

1460 3621 1488 3651 ²
1530 3612 1937 3672 Pnavnmu·
1964 3608 2286 3682 muci-ra]
2314 3607 2508 3672 Forte
2535 3609 2606 3673 δε
2636 3630 2731 3673 ar·
2806 3611 3063 3671 Seneca.
3115 3609 3437 3683 Quantum
3484 3608 3636 3671 vero
3687 3620 3959 3668 mortem
4017 3606 4152 3682 ejus

1380 3688 1549 3754 tibus
1580 3691 1633 3748 A
1677 3683 1932 3764 tippinae
1956 3728 1976 3758 ,
2008 3704 2143 3764 quae
2165 3685 2446 3766 priorem
2479 3706 2729 3765 parem-
2808 3682 3256 3749 doluerittestis
3276 3684 3354 3745 est
3377 3683 3633 3765 epistola
3653 3683 4149 3746 LX111.Annaeum

1381 3788 1464 3832 ve
1494 3786 1644 3829 vere
1691 3779 1851 3826 atur.
2805 3763 3076 3824 Serenum
3096 3809 3117 3840 ,
3150 3762 3268 3825 cari
3304 3783 3468 3823 imum
3499 3762 3630 3825 milzi
3652 3808 3671 3835 ,
3719 3779 3835 3820 tam
3868 3758 4151 3821 immodice

1457 3857 1477 3898 ³
1525 3846 1771 3905 Nurum
1816 3846 2188 3920 Aucumu]
2220 3842 2561 3925 Agrippina
2609 3843 2730 3907 fre·
2786 3841 2968 3924 flevi,
3014 3859 3075 3901 ut
3111 3844 3257 3921 (quo
3319 3842 3540 3901 minime
3572 3838 3775 3914 velim)
3804 3839 3949 3898 inter
3972 3856 4149 3896 exem-

1377 3942 1553 3988 mere
1605 3921 1897 3982 libertam
1962 3920 2082 3982 effe
2140 3924 2470 3997 aemulam,
2532 3921 2729 3985 ancil·
2798 3919 2897 3995 pla
2913 3918 3028 4001 Jim
3065 3939 3247 3983 eorum
3323 3938 3420 3978 uos
3456 3917 3604 3978 dolor
3640 3916 3800 3977 vicit.
3840 3912 4016 3975 Hodie
4062 3933 4151 3975 ta-

1376 4002 1505 4064 lam
1547 3997 1683 4060 fieri
1725 4017 1971 4060 nurum.
2022 4001 2190 4061 Bene
2225 4001 2295 4063 &
2340 4000 2727 4063 Corneliani
2804 4018 2924 4058 men
2939 3997 3151 4074 fastum
3174 4016 3292 4055 meu
3385 3994 3622 4070 damno,
3663 3991 4001 4075 &intelligo
4033 4014 4151 4054 ma.

1375 4076 1712 4144 brevitate.
1745 4080 1899 4140 Sunt
1936 4076 2047 4157 qui
2101 4097 2297 4136 nurum
2349 4079 2427 4139 de
2463 4078 2725 4141 Octavia
2802 4076 3008 4135 ximam
3029 4074 3162 4139 mihi
3185 4074 3398 4152 caufizm
3404 4072 3495 4153 fic
3519 4070 3743 4153 lugendi
3763 4071 3926 4153 fuzffe
3949 4119 3970 4148 ‚
4008 4072 4153 4152 quod,

1378 4156 1581 4221 intell'
1628 4170 1757 4218 ant.
1796 4155 1957 4219 Vide
1983 4157 2185 4218 Notas
2207 4156 2277 4221 &
2314 4155 2727 4219 Emendatio-
2802 4174 3080 4234 nunquam
3126 4152 3533 4233 cogitaveram,
3567 4152 3702 4211 mori
3741 4171 3861 4211 eum
3892 4168 4023 4210 ante
4063 4172 4150 4212 me

1379 4257 1491 4301 nes
1532 4256 1567 4298 a
1658 4233 1886 4296 Annal.
1925 4234 2117 4309 xm,
2168 4254 2263 4311 ¹3·
2796 4251 2866 4307 po
2905 4253 2953 4293 e.
2975 4230 3095 4298 Hoc
3123 4250 3288 4291 unum
3310 4229 3439 4295 mihi
3483 4228 3802 4290 occurrebat
3825 4276 3844 4306 ,
3883 4230 4147 4293 minorem

1456 4326 1490 4366 4
1517 4319 1720 4388 Sequa
1753 4316 2048 4391 Saurea]
2089 4313 2292 4389 Quam
2312 4331 2377 4373 er
2420 4332 2459 4375 o
2485 4333 2522 4375 a
2546 4310 2728 4390 scrip-
2801 4332 2831 4370 e
2867 4331 2933 4387 e,
2971 4309 3032 4370 ὓ·
3068 4308 3234 4370 multo
3269 4310 3530 4371 minorem
3551 4329 3570 4365 .-
3599 4326 3875 4390 tamquam
3900 4306 4146 4370 ordinem

1378 4393 1466 4457 tis
1487 4393 1680 4458 disere
1724 4393 1914 4454 abant
1971 4395 2219 4455 Senecae
2242 4412 2319 4454 co
2416 4389 2723 4454 lialPtoh
2824 4406 2923 4449 ata
2944 4388 3259 4468 servarent.

1388 4471 1680 4553 philosop
1727 4471 1800 4532 iae
1824 4469 2089 4551 probra!
2883 4470 2912 4509 ⁶
2954 4471 3192 4531 Iuram
3204 4489 3492 4535 nsi-wau
3518 4486 3961 4533 snvnmuran
3984 4466 4014 4539 ]
4034 4463 4151 4527 Fa-·

1460 4562 1478 4607 ⁵
1525 4554 1789 4614 Animus
1831 4552 2158 4626 Sarranus]
2183 4548 2281 4610 De
2317 4568 2444 4630 quo
2486 4544 2721 4610 Plinius
2796 4548 3044 4610 tebatur
3101 4547 3439 4627 Agrippina
3491 4548 3550 4610 se
3590 4550 3880 4634 adversus
3935 4546 4145 4605 Nero-

1378 4628 1559 4691 xxn
1583 4677 1602 4706 ,
1642 4650 1744 4706 23.
1772 4627 1979 4709 Fungi
2005 4626 2265 4703 familias
2303 4647 2473 4703 nuper
2515 4627 2723 4687 intere-
2796 4646 2946 4689 nem
2981 4625 3415 4706 intempestive
3461 4625 3736 4689 severam
3776 4621 3968 4684 fuiss‘e.
4048 4696 4062 4710 .

1379 4704 1570 4783 mere,
1630 4704 1692 4765 c,-
1735 4704 1850 4767 rot'a
1909 4705 2202 4782 convivia,
2248 4704 2528 4766 Annoeum
2559 4703 2721 4765 Sere·
2873 4717 2899 4758 7
2940 4708 3209 4766 suanum
3263 4708 3483 4779 orum]
3529 4706 3767 4764 Omnes
3838 4697 4143 4762 Claudio-

1378 4800 1546 4857 nwn,
1584 4781 1889 4858 proefeffiun
1925 4786 2175 4849 Neronis
2207 4782 2469 4865 vigilum,
2520 4782 2581 4844 Cr
2619 4783 2720 4843 tri·
2794 4804 2933 4845 rum
2978 4803 3130 4862 opes
3168 4829 3187 4856 ‚
3242 4780 3664 4858 Imperatoriis
3722 4779 3888 4840 haud
3951 4776 4145 4847 valde

1376 4855 1551 4924 bunos
1575 4906 1597 4940 ,
1625 4862 2076 4943 centurionesque.
2102 4863 2250 4947 Quae
2274 4862 2525 4947 voluptas
2554 4879 2719 4927 tanta

2791 4860 3093 4944 impares,
3133 4858 3492 4940 potiebatur
3532 4856 3894 4941 Agrippina.
3960 4942 3977 4961 ⁶
4074 4942 4093 4961 ⁸

3900 4971 4147 5032 nlmla

4274 1063 4341 1149 5
