4975 6149
1031 424 1200 510 AD
1235 422 1689 513 LIBRUM
1723 424 1917 511 xv.
1955 422 2240 512 ANN.
2283 425 2385 511 c,
2421 425 2784 513 coRN.
2828 423 3250 519 TACITI.
3358 466 3474 540 49
3492 381 3559 545 ς’

762 576 923 683 quis
949 577 1269 752 aliquem
1291 578 1855 682 prosequeretur
1877 636 1899 671 ,
1932 579 2167 655 multo
2197 579 2433 654 minus
2483 567 3057 656 animadversum
3082 583 3160 658 in
3194 593 3366 675 eos',
3412 589 3542 690 qui

762 679 950 754 odio
1005 705 1045 754 e
1095 679 1250 754 ent.
1290 684 1643 756 Praeterea
1683 681 1928 756 secum
1973 701 2333 782 pugnaret
2362 680 2685 757 Tacitus,
2735 680 3182 757 Christianos
3214 686 3410 762 enim
3445 689 3539 764 ab

766 778 1098 854 incendii
1126 779 1430 854 crimine
1449 780 1765 856 absolvit
1789 809 1807 856 ε
1842 780 2025 854 istud
2047 804 2289 855 autem
2308 779 2565 856 odium
2587 837 2607 870 ,
2642 780 2909 855 etiamsi
2927 780 3229 858 exstaret
3248 841 3269 874 ,
3289 786 3537 864 sontes

755 901 893 955 eos
916 904 1070 954 non
1094 902 1448 982 argueret.
1477 882 1893 976 Quomodo
1920 905 2099 982 ergo
2126 880 2297 973 illos
2324 908 2437 975 per
2427 882 2738 1051 sflagitia
2766 883 3002 978 invzfis
3020 932 3042 969 ,
3060 885 3276 980 antes
3307 888 3382 959 ξφ
3406 914 3537 962 no-

759 980 1018 1074 vtffima
1061 988 1319 1053 meritos
1372 980 1809 1056 contendit?
1836 982 1927 1055 In
1963 979 2237 1054 duabus
2260 979 2403 1052 illis
2459 980 2801 1055 ententiis
2840 980 3066 1055 multa
3102 982 3340 1060 adhuc
3356 1012 3538 1087 pec·-

759 1098 934 1154 cant
971 1079 1386 1162 Latinitatis
1438 1081 1724 1157 ratione
1782 1087 1853 1157 δε
1906 1079 2339 1154 narrationis
2388 1078 2747 1154 historicae
2785 1081 3060 1155 natura.
3114 1082 3392 1159 Verum
3426 1088 3540 1164 his

758 1203 921 1255 non
971 1180 1345 1258 immoror.
1393 1180 1790 1283 Utriusque
1843 1180 2220 1255 sententiae
2267 1178 2643 1255 falsitatem
2682 1179 2889 1254 multi
2945 1181 3071 1256 lici
3122 1185 3538 1264 eruditione

757 1279 927 1354 satis
953 1280 1310 1385 superque
1344 1279 1862 1357 demonstravit
1898 1280 2015 1358 Cl.
2054 1277 2499 1355 Christianus
2525 1279 2848 1355 Andreas
2951 1281 3297 1374 euberus,
3332 1290 3538 1363 Exer-

759 1385 984 1454 citatio
1027 1382 1635 1477 Historico·Critica
1670 1383 1745 1456 de
1783 1384 2191 1481 Martyribus
2225 1381 2608 1476 Christianis
2636 1383 2777 1454 odio
2820 1385 3085 1456 humani
3109 1391 3358 1482 generis
3384 1414 3539 1460 con-

755 1484 950 1554 ‚siffis
977 1536 998 1569 ,
1028 1480 1226 1555 edita
1272 1482 1648 1582 Brunsvigae
1691 1505 1889 1557 anno
1925 1504 2403 1558 Moccxxxw.

863 1579 1020 1654 Stat
1049 1582 1227 1656 verb
1252 1581 1749 1658 inconcussum
1771 1607 1863 1656 ex
1888 1582 2133 1655 Taciti
2163 1580 2579 1655 narratione
2607 1576 3054 1656 Christianos
3078 1584 3274 1681 juxta
3300 1583 3532 1688 lega,

754 1704 921 1781 quae
966 1700 1120 1755 tum
1180 1681 1566 1784 vigebant,
1624 1702 1665 1757 a
1716 1682 2080 1783 judicibus
2125 1681 2325 1757 firiffe
2381 1680 2700 1755 criminis
2744 1680 3165 1773 convistos,
3214 1682 3538 1789 ideoque

756 1779 991 1878 poenis
1029 1778 1342 1858 affestos.
1383 1777 1681 1859 Crimen
1719 1782 1905 1857 illud
1946 1782 2084 1857 fuit
2130 1780 2537 1856 Christiana
2584 1778 2918 1883 Religio,
2950 1782 3232 1884 legibus
3256 1782 3533 1860 Roma-

757 1878 872 1953 nis
915 1880 1168 1956 vetita.
1220 1885 1353 1975 Qui
1387 1909 1584 1958 novas
1611 1940 1634 1974 ,
1679 1885 1757 1960 &-
1795 1886 1909 1982 usu
1940 1887 2047 1957 vel
2106 1891 2355 1982 ration-e
2387 1886 2744 1983 incognitas
2799 1882 3135 1978 religiones
3183 1887 3536 1976 inducunt,

754 1995 845 2052 'ex
891 1984 1115 2080 quibus
1148 1989 1349 2056 animi
1389 1988 1713 2057 hominum
1765 2007 2191 2073 moveantur,
2243 1981 2617 2081 honestiores
2664 1981 3123 2075 deportantur,
3170 1986 3538 2059 humiliores

758 2087 1372 2176 capitepuniuntur.
1427 2082 1565 2178 Jul.
1603 2082 1908 2174 Paulus,
1967 2083 2275 2159 sentent.
2328 2081 2635 2184 Recept.
2687 2076 2889 2153 Libr.
2926 2080 3019 2156 V.
3070 2082 3225 2158 Tit.
3261 2109 3387 2159 21.
3440 2083 3536 2161 de

758 2178 1379 2256 vaticinatoribus
1405 2190 1474 2257 &
1505 2181 2038 2258 Mathematicis
2058 2239 2077 2271 ,
2113 2183 2256 2283 leg.
2299 2207 2370 2256 2.

856 2278 1155 2353 Scilicet
1186 2280 1357 2352 cum
1388 2280 1774 2352 Christiani
1810 2305 1851 2352 a
1887 2280 2228 2378 Principe
2277 2278 2548 2352 subditi
2593 2277 2878 2353 fiiissent
2919 2281 3021 2354 rei
3043 2332 3065 2369 ,
3099 2293 3241 2355 nec
3273 2283 3348 2355 in
3393 2284 3538 2358 cri-

752 2375 954 2451 mine
1002 2376 1327 2452 incendii
1380 2377 1667 2478 possent
1701 2378 2096 2467 convinci,
2138 2376 2414 2477 judices
2455 2402 2586 2451 eos
2624 2376 3048 2455 Christianae
3094 2381 3169 2453 su
3227 2382 3539 2459 erstitio-

755 2476 871 2550 nis
910 2481 940 2571 (
979 2475 1074 2550 fic
1123 2477 1318 2552 enim
1366 2500 1520 2572 tum
1568 2478 2085 2554 nominabatur
2123 2477 2434 2582 religi0,
2476 2476 2635 2552 Αᾶ.
2683 2477 3020 2578 Apostol.
3073 2480 3140 2551 X
3214 2482 3274 2556 V
3301 2537 3322 2570 ,
3365 2490 3531 2580 19.)

756 2589 1174 2676 arguerunt.
1218 2576 1606 2652 Christiani
1633 2578 1829 2653 illam
1859 2578 2056 2654 ultro
2075 2580 2508 2676 fatebantur:
2542 2578 2787 2678 itaque
2823 2580 3190 2680 correpti3
3223 2606 3406 2672 nec,
3438 2582 3532 2659 de

758 2675 963 2750 sectae
999 2675 1139 2749 suae
1189 2676 1405 2751 sociis
1451 2678 1919 2777 interrogati,
1961 2679 2341 2752 reticuere.
2400 2676 2596 2751 Tum
2641 2680 2875 2749 indicio
2931 2705 3144 2751 eorum
3207 2681 3537 2756 accusata

759 2795 1242 2876 correptaque
1299 2776 1644 2849 multitudo
1683 2786 1951 2873 ingens;
2001 2780 2071 2849 &
2108 2776 2200 2849 de
2241 2800 2498 2850 eorum
2537 2774 3045 2875 superstitione
3094 2777 3281 2853 aetio
3336 2781 3538 2855 insti-

760 2895 943 2949 tuta.
977 2874 1286 2950 Crimini
1320 2874 1564 2949 datum
1585 2930 1604 2964 ,
1639 2872 1838 2973 quod
1883 2873 2199 2950 seditiofi
2221 2930 2242 2963 ,
2278 2877 2565 2975 jamque
2598 2875 2884 2972 represfi
2911 2930 2930 2963 ,
2959 2874 3190 2949 rursus
3239 2906 3535 2975 erumpe-

757 2999 945 3066 rent,
998 2977 1084 3051 ea
1112 2974 1618 3076 superstitione
1653 2973 1953 3064 imbuti,
2002 2998 2164 3079 quae
2209 2973 2387 3048 deos
2413 3028 2433 3061 ,
2481 2993 2834 3047 terrarum
2876 2973 3216 3049 dominos
3242 3032 3262 3064 ,
3292 2977 3533 3077 impe-

759 3074 851 3149 rii
888 3076 1502 3178 secundarumque
1527 3101 1763 3151 rerum
1788 3080 2112 3151 aufiores
2141 3131 2164 3165 ,
2200 3099 2358 3150 non
2382 3072 2614 3148 modo
2649 3098 2807 3147 non
2838 3097 3301 3149 veneraretur
3326 3133 3347 3166 ,
3411 3078 3539 3153 sed

761 3175 1006 3277 impiis
1052 3176 1269 3252 etiam
1311 3176 1621 3253 disteriis
1660 3174 2072 3265 lacefferet3
2164 3200 2276 3251 uae
2327 3174 2637 3250 deorum
2676 3171 2995 3248 cultores
3021 3228 3042 3263 ‚
3094 3197 3329 3250 rnorte
3368 3176 3535 3279 dig-

759 3300 899 3351 nos
920 3332 942 3366 ,
972 3277 1404 3379 aeternisque
1441 3274 1728 3380 ignibus
1763 3276 2106 3353 devoven
2164 3301 2245 3350 os
2271 3326 2292 3361 ‚
2325 3273 2604 3350 furioso
2630 3279 2877 3374 generis
2904 3277 3168 3346 humani
3194 3277 3335 3350 odio
3372 3301 3540 3376 pro·

759 3375 1172 3463 nuntiaret;
1238 3376 1409 3451 dum
1450 3376 1580 3479 ipfi
1619 3405 1731 3473 per
1771 3379 2056 3479 flagitia
2113 3375 2348 3475 invisi,
2396 3372 2736 3476 publicos
2782 3371 3247 3547 OpdmOsEue
3297 3400 3539 3452 mores

759 3476 1069 3551 aversati
1096 3534 1116 3567 ,
1149 3477 1289 3552 soli
1331 3478 1786 3567 mortalium,
1816 3502 1958 3553 nec
1988 3475 2265 3578 templa
2285 3531 2306 3566 ‚
2339 3500 2480 3551 nec
2513 3499 2664 3549 aras
2690 3530 2710 3563 ,
2756 3499 2897 3548 nec
2926 3472 3100 3547 sacri
3158 3474 3269 3549 cia
3302 3475 3535 3550 habe-

757 3574 1311 3665 rent3secretos
1354 3577 1683 3669 tantum,
1742 3584 1812 3655 δε
1863 3576 1933 3652 le
1989 3577 2144 3651 ibus
2168 3574 2624 3677 prohibitOS,
2682 3594 3089 3648 conventus
3141 3579 3537 3652 noaurnos

762 3675 1342 3788 frequentarent,
1385 3677 1464 3751 in
1505 3678 1766 3780 quibus
1797 3677 1903 3754 foe
1959 3698 2247 3753 arentur
2276 3674 2661 3774 horrendis
2684 3672 3294 3773 impudicitiarum
3325 3675 3533 3775 spur-
3640 3676 3645 3679 “

761 3774 954 3850 citirs
977 3832 998 3865 ,
1042 3775 1583 3892 Thyestaeisque
1616 3777 2082 3878 pascerentur
2131 3774 2456 3875 dapibus,
2483 3772 2591 3848 Ea
2615 3772 2809 3849 enim
2889 3772 3192 3848 ersuafio
3218 3830 3237 3863 ‚
3277 3773 3376 3848 ob
3407 3799 3537 3848 an-

763 3874 1012 3979 tiquos
1041 3873 1388 3976 Baptismi
1423 3899 1597 3952 ritus
1647 3884 1717 3953 &
1761 3875 2320 3952 Eucharisticam
2342 3899 2599 3949 cenam
2626 3930 2646 3963 ,
2673 3898 2815 3975 apu
2908 3871 3282 3949 Romanos
3332 3874 3536 3949 inva-

759 3974 995 4052 luerat
1021 4032 1043 4065 ,
1090 3996 1172 4051 ut
1205 3975 1548 4051 testantur
1593 3976 2001 4068 Arnobius,
2046 3975 2452 4052 Laetantius
2480 4031 2501 4064 ,
2541 3973 2911 4049 Minucius
2937 3971 3183 4064 Felix,
3228 3973 3530 4050 Tertul-

761 4072 997 4148 lianus
1027 4076 1293 4179 aliique
1319 4102 1346 4167 3
1401 4098 1474 4152 at
1521 4103 1616 4154 ue
1667 4080 1943 4180 viguit,
1974 4077 2217 4153 donee
2266 4073 2672 4151 Christiana
2730 4074 2993 4176 religio
3022 4129 3043 4164 ,
3090 4099 3134 4147 a
3182 4073 3537 4149 Constan-

762 4174 927 4248 tino
974 4174 1284 4272 probata
1331 4105 1843 4281 publicamque
1868 4235 1889 4270 ,
1931 4174 2005 4253 se
2053 4177 2471 4277 injuriarum
2535 4181 2605 4250 δε
2653 4175 3115 4251 atrocitatum
3169 4173 3534 4261 absolvit,

763 4271 1139 4348 manifesta
1164 4273 1510 4348 dostrinae
1529 4276 2035 4381 sacrorumque
2052 4279 2349 4353 suorum
2364 4275 2781 4377 integritate
2803 4300 2888 4348 ac
2899 4273 3286 4347 sanstitate.
3309 4269 3368 4345 F
3374 4272 3536 4346 orte

762 4371 982 4447 etiam
1038 4372 1549 4474 percrebuerat
1590 4389 1818 4464 (tunc
1847 4379 2045 4453 enim
2097 4378 2195 4452 D.
2250 4382 2470 4453 Lucae
2531 4373 3014 4477 Evangelium
3052 4377 3123 4446 &
3172 4370 3269 4446 D.
3327 4368 3535 4445 Pauli

759 4470 1088 4572 Epistola
1132 4472 1223 4549 ad
1256 4471 1630 4548 Romanos
1658 4529 1679 4564 ,
1715 4476 2035 4577 quinque
2067 4477 2356 4553 circiter
2407 4476 2678 4552 abhinc
2703 4473 2908 4547 annis
2951 4471 3253 4569 scripta,
3294 4469 3536 4545 Chris-

760 4571 1131 4648 tianorum
1159 4577 1659 4652 Romanorum
1703 4575 2032 4649 manibus
2066 4576 2526 4670 terebantur)
2562 4569 2983 4673 percelebre
3041 4567 3308 4645 Christi
3353 4568 3535 4644 effa·-

759 4691 952 4748 tum:
983 4678 1054 4750 Si
1077 4682 1215 4775 quis
1238 4681 1462 4752 veniat
1487 4676 1574 4750 ad
1599 4704 1695 4749 me
1721 4736 1740 4763 ‚
1775 4676 1847 4749 Εσ
1877 4701 2002 4748 non
2028 4677 2163 4749 odit
2188 4701 2438 4770 patrem
2443 4677 2636 4769 ficum
2657 4728 2679 4762 ,
2714 4675 2789 4747 &³
2822 4693 3090 4745 matrem
3109 4728 3128 4761 ‚
3168 4673 3243 4744 ξφ
3270 4696 3535 4743 uxorem

761 4774 842 4844 fr
855 4774 1047 4869 filios
1069 4836 1087 4862 ‚
1122 4778 1197 4850 85
1216 4779 1465 4874 fratres
1493 4832 1513 4865 ,
1554 4778 1758 4850 adhuc
1792 4799 2005 4852 autem
2033 4777 2108 4851 ἔν’
2142 4780 2428 4849 animam
2444 4774 2638 4870 suam
2660 4826 2685 4865 ,
2713 4796 2838 4846 non
2845 4770 3052 4871 potest
3080 4799 3247 4849 meus
3273 4772 3380 4874 effi
3408 4770 3535 4868 dis-

761 4876 1030 4969 cipulus.
1070 4873 1248 4953 Lae.
1282 4875 1505 4971 XIV,
1552 4878 1679 4954 26.
