4975 6149
1525 429 1708 514 534.
2323 383 3475 480 ANECDOTA

1513 578 1770 664 gentas
1814 574 2034 628 aereas
2061 611 2079 639 ,
2125 567 2282 625 tum
2322 547 2541 625 defim
2570 605 2591 639 ,
2642 569 2799 624 tum
2839 545 3226 623 hominum
3254 599 3276 634 ‚
3322 541 3674 647 imagines
3716 540 4035 647 Delphis
4080 542 4308 630 fubri,

1520 662 1704 763 puit.
1746 653 2125 732 Pausanias
2163 651 2227 726 V
2258 710 2281 745 ‚
2335 657 2523 748 446.
2572 656 2643 725 &
2683 649 2749 722 Χ
2780 705 2802 739 ,
2841 654 3035 749 813.

1621 758 1888 831 Cetera
1929 750 2252 827 Neronis
2307 750 2513 825 luxfis
2568 775 2723 824 non
2813 750 3187 849 ersequar‚
3238 770 3333 819 ne
3391 744 3712 818 infinitus
3755 744 3905 819 fim.
3958 745 4299 825 Dixerim

1516 855 1802 937 tantam
1847 858 2242 927 tricliniaria
2275 854 2636 951 Babylonia
2666 903 2686 937 ‚
2791 871 2865 921 es
2932 846 3118 946 tapis
3154 869 3346 944 pour
3380 842 3484 917 les
3520 843 3639 917 lits
3673 846 3716 918 a
3746 870 3911 918 man
3968 871 4043 919 er
4066 903 4087 936 ,
4172 878 4299 921 ua-

1512 962 1767 1054 dragies
1804 953 2093 1052 sestertio
2125 1009 2143 1040 ,
2207 949 2515 1024 Gallicae
2555 968 2874 1022 monetae
2923 945 3123 1020 libris
3177 950 3519 1042 778,315
3548 999 3569 1033 ,
3619 944 3688 1017 ei
3732 943 3887 1019 stet‘
3949 971 3989 1019 e
4017 1004 4042 1039 ,
4164 947 4301 1023 lin.

1509 1056 1699 1142 ¹VIII
1730 1111 1751 1145 ,
1801 1060 1928 1152 48.
1979 1051 2165 1125 Eum
2209 1049 2552 1125 trecentis
2599 1047 2934 1137 talentis,
2989 1043 3297 1120 Gallicae
3331 1065 3649 1119 monetae
3683 1044 3884 1120 libris
3927 1072 3959 1145 3
3982 1069 4300 1148 50‚150,

1514 1158 1820 1253 capidem
1863 1177 2057 1227 unam
2100 1151 2539 1225 murrhinam
2592 1150 2933 1246 paraviffiz.
2978 1146 3405 1221 Memoranda
3468 1172 3567 1220 res
3617 1153 3788 1222 tanti
3840 1150 4301 1243 Imperatorem

1511 1281 1882 1357 patremque
1912 1258 2148 1348 patrioe
2190 1251 2440 1351 bibiffe!
2493 1248 2678 1324 Plin.
2726 1245 3067 1320 XXXVII
3096 1302 3118 1336 ,
3179 1268 3253 1319 2.

1614 1353 1968 1453 Principis
2012 1351 2195 1448 vitia
2240 1351 2316 1423 in
2359 1348 2697 1450 publicos
2760 1372 3000 1422 mores
3043 1343 3379 1419 transiere
3420 1367 3446 1431 3
3517 1340 4092 1448 pervulgataque
4152 1372 4296 1422 un..

1512 1475 1959 1557 guentorum
1999 1450 2294 1525 insania.
2333 1452 2625 1526 Vidimus
2668 1454 2871 1522 etiam
2896 1448 3170 1546 vestigia
3204 1445 3441 1540 pedum
3477 1452 3700 1542 tingi:
3755 1450 3919 1542 quod
3954 1451 4056 1520 M.
4097 1449 4301 1521 Otho-

1514 1583 1660 1629 nem
1730 1551 2085 1650 monstraffe
2130 1555 2372 1624 Neroni
2423 1553 2711 1647 Principi
2739 1548 3063 1646 ferebant.
3138 1547 3364 1643 Quaefh
3416 1566 3488 1615 ut
3559 1546 3839 1644 qualiter
3863 1547 4225 1640 sentiretur
4266 1599 4301 1639 ,

1479 1725 1484 1730 .
1501 1661 1891 1757 juvaretque
1917 1709 1938 1742 ‚
1991 1655 2069 1724 ab
2112 1652 2186 1723 ed
2217 1674 2406 1747 parte
2451 1655 2749 1745 corporis.
2801 1646 2984 1721 Plin.
3028 1645 3215 1720 XIII
3244 1701 3267 1734 ,
3323 1667 3397 1741 3.

1621 1755 1710 1826 In
1757 1753 1894 1826 hac
1947 1751 2257 1825 fortunae
2304 1750 2630 1824 satietate
2657 1803 2678 1837 ,
2726 1748 2945 1822 unica
2982 1770 3153 1821 cura
3207 1742 3627 1844 excogitare
3660 1766 3861 1818 nova
3906 1742 4113 1819 luxfis
4208 1771 4299 1821 e·-

1517 1879 1714 1928 nera.
1737 1851 2093 1926 Fastiditis
2123 1875 2299 1951 ergo
2328 1851 2404 1924 in
2430 1847 2873 1948 supelleciile
2901 1848 3110 1949 ligno
3159 1851 3230 1922 &
3256 1843 3486 1918 ebore
3515 1898 3537 1933 ‚
3574 1842 3864 1943 quaefita
3897 1849 3967 1918 δε
4002 1774 4292 1920 adufte-

1517 1975 1673 2027 rata
1712 1950 2022 2025 testudO.
2071 1954 2332 2022 Placuit
2371 1951 2593 2025 deinde
2634 1954 2972 2022 materiam
3020 1950 3097 2021 ἔν’
3141 1952 3209 2019 in
3261 1951 3428 2017 mari
3479 1950 3700 2042 quoeri.
3756 1942 4019 2039 Testudo
4069 1953 4138 2018 in
4182 1950 4295 2019 hoc

1501 2056 1702 2151 sebia.
1744 2056 2085 2150 Nuperque
2117 2049 2493 2148 portentosis
2533 2053 2805 2146 ingeniis
2850 2050 3230 2143 Principatu
3270 2049 3544 2117 Neronis
3592 2049 3924 2117 inventum
3956 2095 3977 2128 ,
4024 2069 4096 2117 ut
4136 2052 4296 2143 pig-

1516 2157 1746 2225 mentis
1781 2153 2074 2246 perderet
2094 2150 2170 2244 se
2196 2204 2216 2237 ‚
2252 2149 2581 2248 plurisque
2648 2153 2897 2220 veniret
2965 2152 3226 2220 imitata
3287 2147 3559 2244 lignum.
3594 2196 3612 2215 .
3641 2199 3659 2216 .
3688 2199 3706 2217 .
3755 2145 3955 2215 Modo
4021 2148 4294 2217 luxuria

1516 2277 1642 2324 non
1688 2250 1919 2345 fuerat
1980 2271 2271 2320 contenta
2347 2251 2521 2346 ligno
2550 2277 2580 2318 .·
2627 2252 2781 2342 jam
2855 2250 3107 2342 lignum
3175 2250 3340 2316 enim
3384 2272 3417 2315 e
3474 2242 3785 2338 testudine
3835 2242 4031 2338 facit.
4099 2242 4288 2320 Plin.

1613 2374 2039 2521 Ha'ec4t3atali
2080 2443 2387 2544 quadarn
2421 2442 2835 2519 necestitate
2875 2438 3276 2545 gliscebant
3302 2498 3323 2532 ,
3377 2439 3545 2514 cnm
3587 2438 3907 2514 Neronis
3949 2439 4288 2533 servitia.

1518 2545 1788 2643 opibus
1831 2543 2182 2644 superba,
2235 2543 2631 2643 opulentos
2672 2543 3003 2645 quosque
3056 2538 3147 2612 ad
3193 2539 3401 2614 luxfis
3448 2540 3990 2615 aemulationem
4039 2539 4293 2642 adige-

1521 2665 1707 2718 tent.
1773 2647 1944 2715 Bina
1998 2642 2178 2717 olim
2226 2650 2464 2742 jugera
2513 2648 2749 2739 populo
2809 2645 3101 2715 Romano
3132 2640 3301 2736 satis
3369 2664 3602 2728 erant3
3649 2642 3937 2737 nullique
3982 2649 4293 2737 majorem

1514 2746 1772 2816 modum
1815 2744 2117 2815 attribuit
2160 2741 2560 2816 Romulus:
2609 2769 2728 2842 quo
2748 2741 2973 2836 servos
3003 2741 3204 2836 paulo
3243 2742 3392 2812 ante
3426 2742 3743 2833 Principis
3778 2744 4054 2812 Neronis
4080 2800 4100 2826 ,
4152 2767 4295 2813 con-

1519 2849 1772 2938 tempt-is
1805 2845 1990 2942 huju-s
1999 2845 2207 2940 spatii
2231 2844 2565 2916 viridariis
2583 2896 2605 2931 ‚
2631 2843 2910 2939 piscinas
2926 2849 3133 2942 juvat
3161 2841 3386 2915 habere
3414 2846 3708 2939 maJ'ores.
3762 2838 3947 2913 Plin.
3983 2839 4239 2915 XVIII
4262 2891 4292 2930 ‚

1514 2965 1593 3021 2.
3559 2963 3569 2976 ¹

1617 3042 1931 3137 Quantae
1979 3060 2218 3116 autem
2269 3041 2514 3117 forent
2553 3040 2925 3117 servorum
2956 3037 3259 3115 illorum
3297 3064 3480 3141 opes
3512 3037 3939 3115 monstrabit
3975 3039 4294 3140 pretium

1516 3141 1840 3216 hominis
1880 3144 1958 3216 in
1997 3142 2294 3216 servitio
2338 3142 2595 3244 geniti.
2646 3145 3012 3215 Armeniaci
3053 3145 3253 3231 belli,
3292 3144 3490 3238 paulo
3543 3145 3693 3214 ante
3734 3166 3993 3237 propter
4035 3144 4291 3213 Tirida-

1516 3266 1644 3316 tem
1680 3242 1887 3340 gesti,
1946 3242 2462 3339 dispensatorem,
2526 3247 2699 3315 Nero
2749 3238 2893 3313 HS
2938 3257 3069 3319 CX
3086 3243 3223 3320 XX'
3259 3297 3282 3331 ,
3343 3240 3651 3317 Gallicae
3704 3260 4022 3316 monetae
4091 3240 4293 3313 libris

1516 3332 2433 3514 2,5251)3138·6<71Tandmilit.
2490 3342 2682 3418 Vere
2727 3338 3051 3430 Plinius,
3091 3342 3203 3411 hoc
3248 3347 3535 3437 pretium
3589 3343 3743 3415 belli
3770 3392 3792 3427 ‚
3853 3367 3980 3414 non
4019 3344 4290 3415 hominis

1561 3458 1717 3512 ηιμ·
1805 3465 1904 3512 ιη.
2118 3498 2139 3531 ,
2303 3494 2321 3512 .
3821 3510 3826 3517 .

1503 3443 1566 3541 f
1615 3539 1888 3613 Tantas
1929 3537 2117 3615 inter
2159 3465 2379 3639 οῧρὲς,
2407 3540 2756 3616 immensa
2797 3540 2933 3614 fuit
2955 3538 3364 3640 poffidendi
3413 3540 3743 3641 cupido:
3791 3540 3910 3616 cui
3944 3540 4292 3616 favebant

1514 3638 1889 3739 Principes
1913 3693 1933 3727 ‚
1983 3661 2065 3713 ut
2107 3644 2332 3714 unico
2362 3642 2665 3715 crimine
2693 3698 2714 3731 ,
2763 3667 2943 3717 vero
2980 3640 3243 3715 fickove
3269 3697 3290 3730 ,
3341 3642 3551 3741 plura
3586 3662 3941 3742 raperent.
3973 3644 4292 3739 Latisun-

1516 3742 1629 3812 dia
1661 3740 1992 3833 perdidere
2033 3742 2303 3813 Italiam
2324 3766 2349 3828 3
2383 3748 2531 3840 jam
2561 3745 2636 3815 ὓ·
2666 3748 3061 3838 provincias.
3101 3742 3229 3813 Sex
3257 3744 3428 3814 domi
3452 3744 3758 3839 semiffem
3799 3744 4052 3837 Africae
4082 3742 4283 3836 poffi'-

1513 3841 1745 3913 debant
1771 3899 1789 3926 ,
1819 3843 1957 3910 cum
1984 3842 2300 3935 interfecit
2342 3869 2440 3913 eos
2470 3845 2642 3915 Nero
2689 3848 3005 3938 Princeps.
3051 3839 3237 3915 Plin.
3278 3841 3532 3917 XVIII
3563 3848 3688 3931 ,6.
3714 3841 3905 3915 'Haec
3925 3862 4160 3915 tamen
4184 3862 4286 3914 ne

1517 3938 1609 4011 de
1654 3938 1815 4011 tota
1859 3936 2108 4010 Africa
2152 3939 2517 4039 accipias,
2579 3940 2706 4015 sed
2777 3940 2869 4015 de
2932 3940 3224 4031 Africa,
3271 3942 3664 4041 provincia
3722 3941 4097 4028 Romana,
4152 3938 4282 4013 seu

1513 4036 1919 4136 Zeugitana
1945 4089 1964 4119 ‚
2010 4061 2204 4110 nunc
2259 4042 2316 4110 le
2368 4042 2699 4139 Royaume
2733 4041 2808 4115 de
2840 4042 3035 4112 Tunis
3079 4044 3388 4136 &partie
3422 4043 3506 4112 du
3542 4044 3869 4141 Royaume
3902 4042 3976 4114 de
4006 4042 4276 4135 Tripoli.

1521 4158 1524 4159 *
1624 4137 1922 4230 Quanta
1963 4156 2201 4208 autem
2242 4135 2433 4212 foret
2475 4139 2746 4214 Africae
2811 4139 3214 4213 fecunditas
3257 4163 3464 4213 novo
3524 4140 4031 4240 experimento
4075 4164 4281 4214 com·

1460 4314 1468 4323 ,
1511 4256 1822 4338 pertum.
1868 4237 1931 4307 E
1967 4236 2179 4307 modio
2228 4237 2503 4321 tritici,
2536 4239 2609 4334 fi
2626 4239 2722 4335 fit
2768 4262 2989 4332 aptum
3016 4241 3230 4333 solum
3262 4294 3282 4326 ,
3331 4242 3517 4338 quale
3560 4246 3646 4337 est
3678 4247 3750 4313 ‘in
3780 4242 4061 4340 Byzacio
4096 4240 4279 4336 Afri-

1509 4363 1599 4408 cae
1643 4362 1904 4430 campo,
1953 4341 2193 4408 centeni
2233 4341 2659 4437 quinquageni
2706 4337 2905 4409 modii
2950 4336 3370 4415 redduntur.
3396 4393 3414 4411 .
3443 4392 3460 4411 .
3492 4396 3510 4414 .
3559 4339 3746 4435 Misit
3798 4344 4044 4414 Neroni
4101 4361 4280 4440 pro-

1513 4454 1804 4509 curator
1844 4438 1993 4533 ejus
2029 4465 2272 4507 ccccx
2298 4433 2584 4532 stipulas
2628 4464 2711 4509 ex
2752 4463 2872 4511 uno
2911 4465 3135 4527 grano.
3180 4438 3365 4514 Plin.
3414 4438 3666 4513 XVIII
3695 4495 3715 4528 ‚
3781 4463 3898 4514 10.

1617 4533 1811 4606 etun
1836 4532 1937 4606 ita
1976 4533 2313 4635 vigerent
2333 4534 2712 4627 libidines,
2738 4537 3035 4614 modica
3061 4539 3200 4612 fuit
3230 4538 3472 4639 legum
3506 4564 3697 4612 cura.
3736 4542 4004 4611 Fabium
4035 4557 4275 4612 tamen

1510 4631 1599 4728 est
1609 4633 2223 4728 senatusconsultum
2243 4690 2264 4723 ‚
2301 4638 2682 4732 temporibus
2709 4642 2982 4713 Neronis
3007 4695 3028 4723 ‚
3076 4644 3298 4710 οᾶανο
3335 4640 3653 4712 Calendas
3678 4641 4102 4733 Septembre-s,
4136 4640 4277 4708 An·

1512 4756 1646 4801 naeo
1689 4733 1922 4805 Senecti
1960 4734 2035 4805 fr
2070 4734 2382 4808 Trebellio
2420 4739 2725 4810 Maximo
2770 4741 3161 4835 consulibus,
3210 4736 3555 4828 suffefiiS,
3599 4757 3680 4812 ut
3740 4737 3962 4840 vulgi>
4012 4738 4272 4825 fertur,

1507 4851 1706 4905 anno
1743 4828 1842 4905 U.
1876 4832 1964 4908 C.
2001 4857 2340 4914 Deccx1v
2362 4890 2389 4930 ,
2434 4835 2498 4913 J.
2543 4840 2631 4915 C.
2671 4841 2762 4915 61
2795 4893 2820 4931 ,
2873 4845 3049 4942 cujus
3080 4839 3277 4914 verba
3319 4841 3647 4937 lzaecsunt.
3684 4841 3841 4914 Cum
3873 4841 4015 4941 effer
4044 4839 4275 4939 aquis-
