4975 6149
1537 451 1714 551 408
1921 432 2372 523 NOTAE
2434 425 2610 512 ET
2667 420 3860 511 EMENDATIONES

1540 592 1945 774 ffimodo:
1991 583 2187 659 unde
2239 583 2316 657 in
2369 582 2737 657 veteribus
2783 580 3281 672 editionibus,
3341 608 3425 655 ex
3471 610 3647 683 aequo
3715 582 3902 657 modo
3933 638 3956 673 ‚
4019 599 4101 661 ut
4148 591 4221 663 δε
4266 586 4352 664 in

1756 688 1959 767 Harl.
2014 682 2234 758 Bodl.
2281 684 2315 761 J
2326 683 2419 758 es.
2482 676 2779 758 Mureto
2808 736 2832 774 ‚
2886 682 3228 760 Mercero
3298 706 3386 760 ac
3448 683 4014 764 Recentioribus
4079 688 4367 764 merito*

1546 792 1874 900 placuit,
1925 813 2008 860 ex
2052 786 2393 858 commodo.

1662 891 2079 968 CENTURIO
2134 889 2500 958 HlsTmus
2553 891 2590 977 ]
2626 881 2739 957 Ita
2772 883 2908 955 Ms.
2946 883 3145 956 Flot.
3180 882 3507 982 Ryckius
3546 890 3616 958 ὃς
3652 884 4009 959 Ernestus.
4049 887 4139 959 In
4181 886 4345 963 Mff.

1546 995 1731 1095 Reg.
1806 987 2014 1066 Harl.
2062 982 2279 1060 Bodl.
2324 981 2463 1057 Jes.
2536 988 2607 1056 ὅ(
2662 981 3116 1055 editionibus
3182 981 3554 1056 veteribus
3634 984 3974 1079 Histerius.
4017 983 4081 1058 R
4137 985 4348 1061 ckius

1549 1091 1859 1193 margini
1891 1085 2238 1164 editionis
2268 1083 2410 1156 suae
2459 1078 2838 1154 addiderat
2878 1082 3144 1176 Insteius
3169 1111 3199 1152 .·
3231 1081 3581 1182 probavit
3618 1081 4086 1186 ediditque-C
4122 1143 4141 1161 ,
4178 1087 4350 1161 Lal,

1547 1191 1867 1272 lemand.
1916 1185 2224 1262 Minime
2295 1204 2541 1256 tamen
2592 1178 2980 1280 probabile
3047 1182 3559 1256 centurionem
3624 1183 3941 1280 Histeium
4005 1187 4344 1264 eumdem

1549 1295 1687 1376 effe
1728 1317 1814 1369 ac
1869 1288 2172 1386 Insteium
2218 1287 2640 1381 Capitonem,
2695 1278 3085 1357 castrorum
3126 1280 3583 1384 praefeelum‚
3635 1282 3727 1358 de
3781 1310 3932 1388 quo
3961 1285 4146 1367 infr&
4176 1312 4341 1390 cap·

1555 1422 1691 1500 39·
3585 1484 3601 1499 .
4241 1485 4258 1500 .

1656 1493 1927 1569 Fou‘rss
1983 1510 2222 1563 Paron
2255 1540 2278 1575 ‚
2329 1508 2430 1561 EA
2486 1509 2591 1559 DE
2633 1507 2881 1561 causA
2921 1490 2958 1579 ]
3008 1482 3118 1558 Ex
3166 1485 3467 1562 Mureto
3519 1482 3793 1585 Lipsius
3835 1492 3905 1564 &
3952 1486 4344 1569 Recentio-

1550 1621 1684 1675 tes.
1729 1593 1819 1666 In
1868 1587 2024 1663 ΜΠ.
2079 1586 2316 1661 Vatic.
2375 1589 2567 1683 1863
2624 1590 2695 1660 &
2749 1584 2972 1680 1864.
3014 1586 3228 1662 Harl.
3273 1585 3494 1662 Bodl.
3557 1586 3698 1661 Jes.
3732 1588 3918 1684 forte
3973 1596 4192 1683 priore
4264 1588 4343 1667 de

1552 1694 1771 1771 eausa.
1816 1689 1905 1764 In
1957 1685 2091 1761 Ms.
2135 1685 2372 1759 VatiC.
2431 1709 2658 1784 1953.
2707 1690 2909 1780 prior.

1653 1792 2159 1867 Recrpmassn
2220 1810 2525 1860 oasim-:s
2558 1792 2593 1879 ]
2628 1785 2764 1859 Ms.
2801 1784 3000 1860 Flor.
3035 1790 3106 1861 &
3142 1787 3376 1864 editio
3412 1786 3777 1892 princeps,
3807 1783 3897 1861 In
3934 1786 4092 1862 Mss.
4131 1786 4343 1867 Harl.

1554 1890 1775 1970 Bodl.
1826 1888 1966 1967 Jes.
2017 1892 2088 1962 δε
2129 1882 2371 1967 multis
2427 1884 2585 1967 aliis
2627 1884 2877 1978 libris,
2935 1893 3231 1986 recipere.

1659 2093 1878 2170 CAP.
1935 2095 2023 2169 X.
2084 2092 2603 2169 CONSULARIA
2658 2116 2997 2170 mermA
3050 2105 3089 2192 ]
3129 2095 3577 2172 Puteolanus
3607 2101 3677 2171 &
3717 2093 4222 2170 Recentiores.
4253 2093 4350 2170 In

1553 2197 1691 2274 Ms.
1750 2194 1931 2294 Reg.
1985 2200 2054 2268 δε
2104 2193 2434 2266 editione
2486 2194 2867 2290 principe,
2927 2198 3003 2266 fa·
3054 2199 3438 2289 consularia.

1656 2293 1910 2369 INTER
1959 2300 2153 2373 'ru-:os
2210 2301 2265 2401 ]·
2312 2291 2424 2363 Ita
2464 2290 2619 2365 Mss‘.
2658 2290 2857 2362 Flor.
2907 2292 3151 2364 Guelf.
3216 2297 3285 2364 &
3333 2291 3798 2364 Puteolanus.
3847 2290 3930 2362 In
3973 2291 4107 2365 ΜΓ.
4160 2292 4350 2393 Reg.

1557 2403 1626 2473 δε
1678 2392 2007 2469 editione
2030 2389 2415 2493 principe,
2466 2393 2634 2461 inter
2671 2413 2795 2461 eos.
2837 2387 3056 2463 Unde
3107 2387 3381 2490 Lipfius
3434 2388 3998 2479 emendaverat,
4047 2394 4118 2461 in
4178 2418 4351 2467 reos.

1652 2595 1866 2671 CAP.
1904 2595 2034 2669 XI.
2081 2592 2174 2669 ΙΝ
2212 2617 2419 2669 ACTA
2449 2593 2899 2671 Pamcn’um
2945 2599 2982 2687 ]
3033 2590 3310 2692 Lipsius
3344 2598 3413 2666 &
3454 2590 3957 2668 Recentiores.
3993 2593 4113 2668 Sic
4151 2619 4346 2693 quo-

1552 2720 1696 2800 que
1739 2694 1873 2768 Ms.
1932 2693 2152 2768 Bodl.
2210 2694 2439 2792 prima
2482 2719 2724 2767 manu.
2782 2692 3037 2766 Altera
3090 2692 3553 2766 emendatum
3583 2746 3606 2781 ,
3675 2695 3996 2787 Principis
4025 2720 4055 2780 ‚-
4126 2715 4205 2767 ut
4263 2694 4349 2773 in

1557 2794 1922 2897 plerisque
1972 2792 2129 2866 Mff.
2175 2798 2246 2868 &
2292 2791 2745 2866 editionibus
2793 2787 3186 2864 veteribus.

1664 2894 2200 2969 CLEMENTIAM
2259 2915 2467 2965 SUAM
2524 2900 2562 2985 ]
2614 2888 2819 2963 Nero
2854 2944 2877 2977 ,
2956 2910 3411 2989 praeceptore
3466 2890 3745 2967 Seneca
3779 2947 3799 2982 ,
3880 2892 4342 2972 clementiam

1549 2995 1753 3069 suam
1800 2990 2294 3093 obstringebar
2320 3016 2344 3079 3
2417 3009 2490 3062 at
2541 3013 2634 3062 ue
2704 2995 2788 3062 ut
2862 3011 2905 3060 a
2948 2988 3216 3065 virtute
3256 3044 3279 3080 ,
3361 3015 3521 3091 quae
3582 2989 3892 3069 maxime
3974 2992 4341 3094 Principes

1550 3095 1817 3185 decet,
1871 3119 2044 3168 num
2098 3117 2263 3165 uam
2326 3017 2741 3178 recederet,
2788 3089 2973 3165 duos
3022 3088 3249 3166 libros
3315 3091 3391 3163 de
3465 3095 3819 3167 Clementia
3866 3092 4136 3191 scripsit
4209 3103 4344 3178 be-

1549 3220 1739 3271 neca
1769 3250 1788 3282 ‚
1839 3193 1967 3266 sub
2085 3219 2252 3268 nem
2293 3192 2500 3291 hujus
2571 3190 2790 3280 anni,
2835 3212 2961 3265 aut
3004 3189 3222 3265 initio
3269 3188 3679 3292 sequentis,
3732 3213 3815 3270 ut
3861 3216 4062 3295 patet
4111 3220 4200 3269 ex
4248 3195 4341 3268 li-

1548 3295 1688 3370 bro
1737 3292 1797 3368 I.
1854 3319 2012 3392 cap.
2049 3317 2125 3388 9.
2182 3295 2340 3368 Ciam
2392 3295 2504 3365 hoc
2550 3299 2762 3364 aetatis
2787 3291 2928 3389 ᾦξε
2979 3289 3189 3365 divus
3231 3291 3637 3392 Augustus,
3687 3297 3852 3394 quod
3911 3321 3982 3368 tu
4032 3322 4198 3367 nunc
4238 3325 4355 3388 es,

1553 3392 2122 3491 duodevicesimam
2167 3395 2430 3494 egreffits
2479 3418 2742 3467 annum.
2797 3392 3043 3488 Quam
3089 3390 3253 3467 laeta
3292 3391 3564 3469 fuerint
3604 3392 3920 3472 Neronis
3965 3395 4173 3468 initia
4214 3395 4346 3470 do·-

1552 3516 1676 3573 cet
1719 3519 1876 3594 cap.
1937 3519 2001 3572 1.
2059 3504 2237 3569 Potes
2282 3498 2392 3568 hoc
2419 3549 2440 3584 ,
2477 3496 2699 3591 ,Ωιτ-[ἂν
2727 3548 2747 3583 ,
2771 3495 3123 3590 praedicare
3193 3494 3496 3572 audatier
3529 3552 3553 3587 ‚
3610 3503 3886 3571 omnium
3944 3524 4079 3596 quoe
4131 3504 4200 3568 in
4232 3496 4342 3593 fi·-

1550 3597 1694 3670 dem
1749 3597 2135 3694 tutelamque
2178 3618 2359 3668 tuam
2392 3619 2703 3670 venerunt
2731 3652 2752 3685 ,
2785 3598 2950 3668 nihil
2992 3623 3108 3692 per
3151 3619 3211 3669 te
3236 3656 3255 3684 ,
3296 3622 3490 3696 neque
3533 3604 3605 3672 vi
3630 3651 3650 3683 ‚
3694 3625 3884 3698 neque
3921 3599 4088 3673 clam
4131 3602 4341 3692 reipu-

1551 3698 2080 3790 blicae-ereptum.
2135 3695 2554 3788 Rariffimam
2624 3698 2923 3783 laudem,
2973 3698 3048 3770 ὃ·
3097 3699 3265 3770 nulli
3318 3699 3524 3773 adhuc
3578 3705 3946 3794 Principum
4010 3697 4341 3797 concfftm

1555 3794 1942 3893 concupisti,
2007 3800 2454 3871 innocentiam.
2508 3802 2658 3872 Non
2695 3797 2914 3894 perdis
2962 3823 3216 3894 operam
3246 3828 3274 3869 .·
3324 3823 3435 3872 nec
3481 3802 3731 3873 bonitas
3786 3777 3910 3895 isia
3959 3825 4073 3878 tua
4100 3797 4339 3896 singu-

1552 3899 1717 3971 laris
1745 3956 1763 3982 ,
1811 3901 2100 3993 ingratos
2151 3920 2267 3969 aut
2314 3900 2632 3995 malignos
2680 3898 3088 3997 aestimatores
3154 3902 3345 3973 naHa
3392 3898 3501 3996 est.
3571 3900 3880 3996 Refertur
3926 3901 4045 3972 tibi
4091 3904 4339 3998 gratia.

1553 4000 1761 4069 Nemo
1805 4021 1964 4068 unus
2011 3998 2238 4085 homo,
2290 4004 2399 4069 uni
2444 4003 2684 4072 homini
2710 4054 2733 4089 ,
2788 4023 2923 4071 tam
2962 4027 3146 4071 carus
3184 4025 3481 4099 umquam
3513 3996 3659 4095 fuit
3686 4053 3706 4088 ,
3758 4000 3950 4098 qucim
4000 4024 4071 4073 tu
4104 4000 4340 4096 populo

1552 4095 1846 4169 Romano
1874 4147 1894 4180 ‚
1940 4122 2244 4194 magnum
2294 4100 2672 4200 longumque
2698 4106 2833 4198 ejus
2885 4100 3136 4172 bonum.
3184 4102 3304 4173 Sed
3345 4102 3562 4197 ingens
3613 4102 3733 4171 tibi
3766 4126 3921 4171 onus
3968 4097 4336 4196 imposuisti.

1549 4200 1762 4273 Nemo
1787 4201 1937 4295 J'am
1978 4196 2202 4271 divum
2245 4200 2609 4297 Augustum
2634 4260 2655 4287 ,
2697 4226 2806 4276 nec
2845 4199 3083 4274 Tiberii
3123 4200 3390 4295 Caesaris
3423 4202 3646 4292 prima
3685 4223 3967 4296 tempora
4005 4204 4336 4300 loquitur.-

1552 4322 1734 4368 nemo
1779 4296 1944 4395 quod
1989 4302 2059 4369 te‘
2092 4303 2340 4372 imitari
2379 4303 2542 4372 velit
2586 4301 2919 4393 exemplar
2964 4321 3158 4368 extra
3202 4322 3264 4373 te
3304 4304 3558 4394 quaerit.
3603 4302 4015 4395 principatus
4068 4324 4213 4372 tuus
4258 4296 4345 4370 ad

1554 4401 1714 4474 anni
1758 4400 1789 4489 (
1827 4395 2135 4473 Mallem
2182 4404 2461 4470 omnium
2512 4406 2543 4490 )
2582 4397 2839 4495 gustum
2891 4403 3204 4495 exigitur.
3259 4398 3448 4476 Haec
3486 4402 3691 4500 juvat
3729 4400 4133 4502 legentium
4169 4422 4341 4474 ocu-

1550 4493 1640 4569 lis
1680 4493 2030 4592 subjicere
2061 4553 2081 4588 ‚
2136 4519 2219 4570 ut
2274 4497 2723 4597 Principatfis
2763 4496 3084 4575 Neronis
3142 4499 3507 4578 rationem
3565 4500 3825 4578 melius
3868 4498 4285 4599 intelligant
4310 4548 4340 4586 ,

1554 4594 1647 4672 ab
1690 4596 1988 4694 optimis
2034 4599 2312 4687 orsam,
2368 4599 2446 4672 in
2487 4597 2833 4678 immania
2874 4597 3178 4700 posthac
3221 4602 3609 4705 delapsam.

1661 4693 1826 4765 Vnt.
1878 4719 2274 4772 JACTANm
2331 4722 2629 4775 mcmm
2682 4706 2719 4794 ]
2774 4699 2863 4773 In
2928 4699 3377 4792 editionibus
3439 4701 3805 4780 veteribus
3850 4706 3919 4774 &
3964 4699 4042 4778 in
4090 4696 4343 4780 omni-

1551 4788 1686 4862 bus
1734 4790 1956 4867 ferme
2019 4795 2180 4871 Mss.
2229 4800 2423 4872 causd
2457 4800 2757 4896 jaHandi
2816 4807 3079 4900 ingenii.
3154 4803 3383 4879 Abest
3451 4824 3691 4878 tamen
3738 4855 3758 4888 ,
3828 4802 4018 4873 caase‘i
4083 4822 4125 4870 a
4194 4793 4335 4870 ΜΓ.

1555 4884 1795 4972 vatic.
1830 4915 2048 4990 quem
2079 4895 2269 4980 vidit
2299 4900 2383 4975 Li
2389 4900 2577 5003 pfius
2597 4956 2621 4997 ‚
2656 4906 2726 4978 &
2758 4901 2894 4980 Ms.
2932 4901 2987 4979 F
2990 4902 3130 4982 lot.
3161 4906 3280 4981 Vel
3305 4903 3568 4991 merito
3604 4898 3887 4982 addidit
3917 4897 4331 4977 Rhenanus.

4096 5044 4337 5128 CAP.
