4975 6149
1170 724 1236 778 A.
1261 728 1324 776 U.
1345 728 1408 777 C.

1215 819 1364 879 821.

1227 938 1277 987 J.
1313 937 1380 987 C.

1237 1037 1344 1100 68.

1483 462 1665 552 '312
2053 428 3693 529 SUPPLEMENTUM

1466 611 1940 695 »Annaeum
1997 608 2398 691 Senecam
2429 663 2460 710 ,
2521 604 2925 720 sapientiae
2977 630 3560 723 praeceptorem
3612 613 3697 691 ὃ(
3751 592 4220 726 exemplum
4258 649 4291 719 ,-

1465 778 1512 822 »
1536 742 1939 823 Annaeum
1972 733 2408 819 Lucanum
2435 792 2465 838 ,
2518 733 2975 818 animosum
3010 730 3395 842 juvenem
3422 795 3451 840 ‚
3493 731 3958 850 reipublicae
4004 739 4287 853 spiritu

1466 904 1513 949 >2
1535 863 1874 984 plenum
1901 923 1929 967 ,
1958 871 2041 947 ὃ(
2075 859 2478 948 clariffimi
2506 858 2656 942 filii
2692 889 3000 976 patrem
3031 864 3467 976 optimum,
3498 864 3900 945 Annaeum
3935 862 4292 972 Melamj

1466 1033 1513 1076 2>
1536 1023 1682 1111 per
1711 992 2102 1076 invidiam
2131 991 2582 1073 exstinetos.
2620 989 2796 1073 Has
2832 990 3153 1074 virtutis
3190 991 3587 1101 imagines
3628 990 3995 1104 aspicite,
4033 991 4285 1082 Thra·-

1463 1122 1756 1207 »seam
1808 1121 2110 1204 Paetum
2139 1176 2170 1222 ,
2206 1117 2547 1201 Baream
2594 1118 2998 1200 Soranum
3032 1143 3299 1202 morte
3344 1113 3734 1201 multatos
3761 1175 3789 1221 ,
3839 1118 4052 1229 quast
4091 1151 4282 1207 cum
4400 1144 4457 1237 ς

1464 1251 1718 1366 »ipsis
1771 1250 2026 1334 virtus
2063 1245 2258 1331 esset
2289 1245 2920 1330 commoritura:
2974 1241 3352 1331 Inlustres
3406 1245 3790 1349 feminas,
3848 1248 4207 1335 Sextiam
4247 1311 4282 1358 ,

1463 1374 1978 1463 »Pollutiam
2005 1434 2034 1479 ‚
2064 1371 2492 1458 Serviliam
2521 1374 2829 1461 cernite
2852 1433 2883 1478 ,
2916 1369 3149 1458 nullo
3189 1374 3542 1491 pudore,
3570 1370 4011 1460 relufiante
4041 1404 4284 1469 natus

1463 1500 1615 1590 »ra
1643 1565 1672 1610 ‚
1720 1504 1822 1590 ad
1860 1498 2261 1619 supplicia
2310 1527 2673 1587 vocataS.
2723 1501 3114 1616 Inspicite
3175 1503 3429 1617 ipsam
3474 1500 3901 1587 infantiam
3930 1562 3959 1607 ‚
4021 1502 4280 1621 culpae

1462 1668 1513 1713 ω
1530 1632 1814 1718 rudem
1845 1690 1873 1737 ,
1926 1633 2191 1746 poenis
2252 1627 2719 1727 subditam3
2779 1629 3175 1713 Rufinum
3231 1629 3695 1745 Crispinum
3765 1639 3788 1675 ¹
3847 1627 3952 1713 ob
4011 1635 4279 1747 pueri-

1457 1761 1657 1844 »)tiae
1707 1757 1929 1843 lusus
1979 1760 2181 1841 mari
2250 1757 2732 1843 demersum.
2774 1759 3092 1864 Hunc,
3148 1760 3376 1844 hunc
3437 1756 3828 1872 despicite
3878 1758 4277 1843 tenellum
4346 1774 4458 1849 10ss

1459 1894 1613 1972 »ὃς
1672 1883 2043 1971 nobilem
2085 1913 2424 2001 puerum
2465 1923 2511 1964 2>
2555 1894 2579 1991 (
2615 1885 3014 1971 infantem
3051 1882 3540 1972 monstrabat
3585 1888 3673 1968 in
3734 1882 4108 1973 Baleares
4161 1889 4280 1972 in·-

1458 2012 1670 2100 sulas
1698 2024 1730 2059 ²
1776 2046 1823 2099 a
1860 2017 2203 2099 Nerone
2243 2010 2590 2122 ejestum
2611 2072 2642 2119 ,
2686 2045 2933 2127 quem
2970 2014 3162 2100 inde
3210 2015 3378 2130 ipse
3425 2039 3866 2099 retraxerat
3895 2074 3923 2118 ,
3973 2038 4066 2098 ut
4116 2046 4275 2099 ma-

1460 2140 1589 2252 jor
1631 2144 2081 2226 exoriretur
2136 2139 2547 2226 miseratio
2590 2147 2616 2242 )
2666 2175 2712 2218 «
2764 2141 2999 2225 sortis
3051 2142 3203 2224 suae
3270 2142 3491 2252 atque
3533 2172 3628 2224 ac
3681 2142 4041 2224 criminis
4089 2141 4277 2225 nes-

1458 2271 1748 2354 »cium
1776 2327 1807 2373 ,
1866 2295 2307 2376 numquam
2350 2270 2674 2369 civem,
2731 2263 2895 2372 jam
2945 2262 3334 2349 exsulem.
3388 2268 3594 2349 Haec
3650 2268 4008 2349 Neronis
4068 2268 4282 2351 faci-

1460 2428 1509 2474 »
1529 2406 1773 2480 nora!
1832 2396 2001 2478 haec
2044 2395 2592 2477 monimenta!
2641 2392 2890 2507 Apud
2942 2388 3177 2474 illum
3223 2390 3610 2476 nobilitas
3651 2450 3680 2495 ,
3745 2421 3942 2507 opes
3972 2450 4000 2494 ,
4051 2394 4278 2504 inge·
4342 2422 4371 2478 1
4392 2415 4442 2497 ς

1460 2524 1754 2607 »nium
1777 2579 1806 2625 ,
1860 2522 2114 2605 virtus
2142 2577 2170 2623 ,
2212 2519 2500 2625 sexus,
2557 2545 2738 2605 aetas
2776 2579 2805 2624 ‚
2859 2520 3025 2602 vita
3057 2519 3227 2634 ipsa
3273 2522 3614 2605 crimina
3641 2519 3848 2602 sunt.
3900 2519 4052 2602 Per
4104 2522 4276 2607 haec

1463 2648 1904 2734 »adversus
1958 2676 2213 2760 genus
2264 2649 2715 2732 humanum
2773 2644 3184 2761 grassatur.
3247 2649 3611 2732 Ruinam
3683 2642 4061 2728 omnibus
4120 2649 4271 2731 im-

1464 2777 1983 2859 »minentem
2034 2771 2196 2883 jam
2240 2805 2287 2858 a
2351 2772 2619 2859 Gallis
2677 2770 3147 2890 propulsare
3203 2776 3462 2888 coepit
3520 2771 3880 2860 Vindex.
3948 2769 4117 2855 Alii
4170 2772 4267 2858 ab

1462 2899 1702 2988 »aliis
1731 2961 1759 3008 ,
1806 2932 1963 3015 ego
2003 2933 2050 2986 a
2095 2900 2328 2988 vobis
2365 2929 2752 2987 avertam.
2806 2899 3134 2985 Caesaris
3170 2958 3200 3004 ,
3244 2900 3766 3016 Imperatoris
3807 2897 4270 2985 nominibus

1460 3063 1509 3110 2>
1529 3033 1862 3146 parcite.
1908 3031 2054 3114 Me
2119 3029 2437 3115 senatus
2497 3025 2945 3147 populique
2990 3031 3353 3115 Romani
3403 3025 3765 3142 legatum
3814 3036 3837 3087 ³
3894 3026 4047 3113 effe
4100 3057 4268 3114 me·
4323 3042 4446 3116 201

1462 3160 1779 3242 nmini:
1836 3161 2004 3242 hoc
2044 3160 2211 3242 mei
2248 3161 2609 3243 muneris
2651 3159 3038 3262 nomine,
3083 3156 3417 3276 Imperii
3461 3152 3950 3265 majestatem
3980 3215 4008 3259 ,
4053 3186 4270 3241 com-

1463 3315 1861 3371 »munem
1932 3287 2304 3370 omnium
2376 3282 2720 3371 salutem
2779 3290 2988 3370 tueri
3037 3281 3290 3392 juvat.
3352 3288 3586 3370 Novi
3638 3313 3771 3367 me
3824 3314 3869 3366 a
3926 3286 4268 3371 Nerone

1462 3416 1776 3498 »morti
1835 3413 2313 3498 destinatum
2365 3423 2430 3497 4.
2483 3413 2647 3497 Sed
2713 3415 2967 3497 vitam
3029 3409 3442 3497 laboribus
3503 3412 3939 3498 exercitam
3968 3468 3996 3514 ,
4050 3413 4270 3526 peri·-

1468 3539 1742 3626 »culis
1820 3542 2048 3625 finire
2117 3544 2563 3655 egregium.
2633 3542 2809 3626 Vos
2880 3545 3196 3625 tantum
3242 3571 3391 3656 pro
3442 3535 3695 3656 patria
3740 3596 3771 3641 ,
3818 3566 3966 3652 pro
4020 3537 4271 3626 vestri

1467 3700 1517 3766 ῃ
1535 3664 2102 3753 incolumitate
2147 3671 2493 3754 certanti
2537 3667 2810 3753 favete
2848 3704 2938 3752 >›.
2986 3669 3085 3752 In
3135 3664 3386 3781 legati
3436 3666 4052 3754 admirationem
4091 3664 4263 3752 lau·
4322 3682 4443 3770 ας

1427 3795 1769 3907 “desque
1816 3794 2106 3882 secutae
2171 3826 2422 3881 voces
2466 3799 2930 3881 innumerae.
2972 3800 3207 3881 Nero
3272 3796 3562 3881 odiosis
3600 3794 3947 3880 diaeriis
3991 3825 4264 3880 cumu-

1466 3919 1706 4009 latur.
1757 3924 2063 4007 Omnia
2112 3923 2214 4008 ad
2264 3921 2658 4009 libertatis
2703 3931 2788 4009 ὃ(
2839 3924 3288 4012 securitatis
3340 3927 3942 4006 munimentum
4019 3954 4267 4042 appa.-

1463 4074 1766 4134 rantur.

1592 4174 2007 4263 LXXII.
2105 4180 2199 4264 N
2213 4203 2579 4284 ONDUM
2646 4179 2760 4264 ita
2839 4173 3397 4264 fervescebant
3459 4180 3872 4299 Hispaniae
3943 4198 3975 4287 3
4075 4185 4261 4269 cum·

1552 4460 1569 4490 ¹
1617 4450 1914 4515 Rurmuu
1962 4455 2326 4518 Carsrmuu
2375 4454 2407 4530 ]
2448 4456 2708 4519 Sueton.
2754 4453 2824 4517 in
2900 4455 3239 4593 eJficlanrem
3281 4477 3354 4518 ex
3389 4459 3645 4535 proxima*
3687 4458 3920 4521 Baleari
3952 4454 4162 4543 infida,
4192 4453 4262 4543 qb

1465 4529 1623 4592 Ner.
1659 4534 1919 4596 XXXV.
1956 4531 2286 4617 Privignum
2316 4532 2576 4614 Rqfinum
2618 4535 2824 4614 Crispi-
2898 4535 2919 4595 i
2958 4537 3126 4616 ipficm
3151 4584 3171 4612 ,
3203 4538 3507 4602 acciverat.
3553 4541 3697 4600 Hoec
3722 4538 3920 4599 insula
3946 4534 4138 4597 hodie
4165 4532 4259 4593 di-

1470 4626 1644 4698 nufn,
1692 4609 1932 4686 Poppaeei
1973 4631 2207 4689 natum,
2254 4612 2578 4690 impuberem
2611 4613 2821 4692 adhuc,
2901 4614 3064 4679 citur
3094 4615 3376 4679 Mallorca
3423 4665 3444 4695 ‚
3487 4637 3673 4700 quam
3718 4616 3911 4695 vulgo
3964 4623 4259 4692 pronun-

1467 4705 1597 4766 quta
1610 4686 1901 4760 ferebatur
1932 4689 2169 4760 ducatus
2210 4690 2272 4757 ὓ·
2316 4693 2548 4768 imperia
2592 4693 2821 4773 ludere,
2899 4695 3125 4764 tiarnus
3157 4699 3473 4777 Majorque.

1468 4764 1819 4900 {nergezdum
1861 4773 2048 4905 andri,
2087 4772 2215 4833 dum
2261 4771 2614 4853 piscaretur,
2636 4776 2823 4855 servis
2902 4852 2916 4866 ⁶
2980 4787 3001 4830 ³
3051 4777 3370 4872 Leonum
3401 4780 3430 4852 J
3463 4777 3724 4836 Sueton.
3749 4771 3908 4837 ibid.
3944 4766 4261 4834 Plutarch·

1462 4840 1682 4983 Usi-usli«
1698 4865 2050 4989 εξίῗειῖζιὲἓ
2089 4950 2344 4997 rasuras
2378 4938 2408 5011 ]
2449 4939 2712 5001 Sueton.
2748 4935 2817 4998 in
2896 4855 3745 4996 m4G1e‘igssrrpbgrisffgiruu
3778 4936 3804 5003 ]
3858 4933 4124 4995 Sueton.
4184 4925 4254 4989 in

1462 4997 1707 5084 Balbi,
1757 5005 1839 5074 X.
1893 5003 2143 5086 adstante
2193 5011 2364 5078 nobili
2405 5032 2621 5098 puero,
2664 5035 2821 5097 quem
2897 5009 3141 5091 Galba,
3182 5011 3270 5074 IX
3311 5009 3384 5079 &
3417 5011 3500 5081 Χ.
3929 5100 3971 5188 I
4059 5094 4110 5177 l·

3975 5124 4055 5182 ta
4093 5120 4253 5180 lam
