4975 6149
1447 466 1624 529 200
1975 433 2075 518 c,
2177 425 2995 516 CORNELII
3093 421 3669 511 TACITI

1168 632 1405 678 Ξ
1445 593 1959 684 Monobazus
1992 606 2053 699 ¹,
2083 624 2324 707 quern
2365 620 2610 711 penes
2639 588 3153 674 Adiabenum
3181 592 3544 702 regimen
3572 647 3604 693 ‚
3650 620 3697 665 <t
3727 576 3956 700 quod
3973 568 4231 707 praefi·-

1170 712 1236 762 A.
1255 713 1317 761 U.
1340 713 1399 764 C·

1214 805 1358 880 815.

1224 916 1269 966 J.
1294 918 1356 967 C.

1240 1008 1346 1067 62.

1448 761 1494 804 2>
1514 726 1768 828 dium,
1800 750 1937 807 aut
1966 723 2179 806 unde
2196 748 2503 836 peteret
2527 755 2573 797 »
2589 778 2619 824 ,
2646 720 3030 829 rogitanS.
3078 746 3123 793 <c
3154 717 3203 808 J
3208 747 3336 801 am
3363 717 3463 802 de
3491 713 3880 800 Armenia
3904 717 4233 802 conces-

1420 863 1495 930 '22
1516 853 1723 947 sum3
1754 860 1836 934 ὅ(
1864 852 2230 968 proxima
2253 850 2463 933 trahi
2492 906 2519 951 ,
2546 846 2688 928 nist
2712 844 3149 927 defendant
3169 845 3444 927 Parthi
3473 877 3491 924 ε
3525 840 3784 925 levius
3813 842 4229 925 servitium

1451 979 1730 1093 »apud
1747 980 2165 1061 Romanos
2198 975 2531 1077 deditis,
2565 968 2805 1082 quam
2837 972 3089 1087 captis
3120 970 3274 1053 effe
3300 1004 3346 1046 »
3368 1030 3390 1052 .
3460 968 3863 1052 Tiridates
3901 997 4226 1078 quoque

1451 1107 1683 1217 regni
1711 1104 2098 1218 profugus
2124 1162 2152 1206 ,
2192 1131 2334 1216 per
2375 1099 2777 1182 silentium
2789 1156 2816 1199 ,
2858 1122 2995 1179 aut
3030 1096 3355 1180 modice
3394 1095 3809 1206 querendo
3832 1152 3861 1197 ‚
3902 1097 4227 1207 gravior
4346 1114 4398 1198 5

1456 1255 1650 1319 erat.
1690 1264 1734 1306 ‹<
1768 1234 1969 1319 Non
2008 1232 2227 1313 enim
2256 1219 2580 1340 ignavia
2600 1282 2630 1328 ,
2661 1252 2951 1335 magna
2985 1224 3322 1338 imperia
3365 1221 3771 1307 contineri
3811 1253 3828 1303 ε
3870 1222 4231 1304 virorum

1451 1359 2079 1467 »armorumque
2118 1352 2585 1437 faciendum
2628 1377 3064 1436 certarnen.
3110 1348 3207 1433 Id
3255 1351 3342 1431 in
3393 1344 3702 1432 summa
3748 1343 4074 1430 fortuna
4130 1377 4229 1428 ae-

1451 1488 1747 1595 »quius
1776 1543 1805 1587 ‚
1865 1482 2085 1593 quod
2149 1477 2518 1565 validius.
2584 1477 2690 1561 Et
2752 1478 2890 1560 sua
2936 1479 3326 1583 retinere,
3362 1477 3686 1590 privatae
3722 1473 4009 1560 domus
4043 1489 4065 1555 ἐ
4125 1472 4230 1559 de

1452 1641 1500 1687 >2
1521 1606 1803 1694 alienis
1837 1634 2143 1694 certare
2168 1666 2196 1713 ‚
2239 1608 2544 1718 regiam
2575 1601 2898 1690 laudem
2928 1605 3084 1689 ess'e
3105 1639 3149 1681 2>
3172 1666 3194 1688 .

1579 1735 1700 1816 II.
1766 1736 2066 1816 Ion-U
2090 1759 2139 1815 R
2201 1718 2662 1817 commotus
2701 1732 2827 1817 his
2851 1728 3308 1846 Vologeses
3349 1725 3799 1816 concilium
3826 1753 4112 1832 vocat,
4143 1716 4226 1812 δὲ

1452 1863 1917 1976 proximum
1949 1859 2090 1943 fibi
2112 1858 2533 1943 Tiridaten
2562 1860 3016 1964 constituit,
3056 1885 3294 1971 atque
3336 1861 3448 1943 ita
3483 1857 3791 1943 orditur
3828 1891 3850 1942 ι
3891 1890 3935 1931 «
3974 1858 4232 1941 Hunc

1452 2020 1500 2063 >2
1520 2016 1678 2100 ego
1702 2045 1730 2092 ‚
1755 1986 2046 2073 eodem
2071 2016 2393 2072 mecum
2419 2011 2644 2101 patre
2674 1993 2706 2029 ²
2746 1989 3150 2098 genitum,
3191 1990 3377 2072 cum
3402 1986 3604 2067 mihi
3631 2041 3660 2087 ,
3690 2013 3830 2099 per
3874 2008 4182 2067 aetatem
4198 2003 4231 2085 ‚·

1448 2145 1499 2191 >a
1518 2113 1831 2198 summo
1857 2117 2187 2196 nomine
2218 2123 2239 2172 ³
2270 2111 2885 2215 concessiffet,in
2908 2113 3461 2227 poss'essionem
3477 2111 3875 2192 Armeniae
3900 2109 4235 2212 deduxi,

1451 2271 1498 2315 >2
1519 2241 1657 2355 qui
1694 2242 1975 2322 tertius
2004 2240 2385 2360 potentiae
2429 2237 2721 2347 gradus
2758 2236 3137 2320 habetur:
3166 2263 3354 2321 nam
3382 2233 3680 2318 Medos
3706 2235 4054 2318 Pacorus
4080 2264 4226 2317 an-

1451 2388 1927 2478 »teceperat
1974 2397 1990 2445 :
2052 2360 2543 2471 videbarque
2588 2386 2874 2446 contra
2927 2388 3202 2448 vetera
3250 2362 3584 2446 fratrum
3619 2360 3806 2445 odia
3841 2368 3923 2444 ὃ(
3965 2384 4223 2443 certa-
4297 2384 4325 2436 1
4348 2379 4400 2462 5

1453 2490 1786 2592 nmina,
1843 2486 2162 2573 familia:
2229 2490 2504 2573 nostrae
2569 2514 2896 2602 penates
2948 2492 3101 2573 rite
3139 2486 3670 2603 composuisse
3717 2520 3735 2568 ε
3791 2482 4240 2600 prohibent

1452 2648 1500 2693 »
1519 2604 1874 2699 Romani
1896 2675 1926 2720 ,
1961 2623 2043 2700 ὅ(
2071 2644 2354 2730 pacem
2382 2615 2560 2727 ipsis
2589 2644 3026 2727 numquam
3068 2616 3446 2731 prospere
3473 2610 3904 2697 lacessitam
3926 2669 3955 2715 ,
4007 2641 4231 2696 nunc

1453 2770 1841 2853 »quoque
1865 2743 1951 2824 in
1978 2745 2316 2825 exitium
2345 2741 2577 2823 suum
2613 2739 3126 2855 abrumpunt.
3166 2745 3254 2827 N
3260 2772 3369 2826 on
3404 2739 3540 2823 ibo
3597 2740 3907 2825 inficias
3947 2741 4234 2848 :aequi-

1455 2894 1688 2951 »tate
1716 2864 1953 2978 quam
1981 2869 2407 2981 sanguine,
2452 2861 2691 2951 causa
2719 2864 2958 2977 quam
3000 2871 3273 2972 armis,
3327 2869 3677 2951 retinere
3715 2892 3939 2981 parta
3975 2861 4230 2971 majo-

1453 2992 1737 3079 »tibus
1785 2992 2223 3079 malueram
2275 3026 2292 3077 ε
2350 2993 2403 3073 fi
2450 2996 2964 3079 cunfiiatione
3026 2992 3331 3108 deliqui
3368 3052 3397 3098 ,
3456 2994 3754 3077 virtute
3798 2993 4223 3104 corrigam.
4280 3025 4403 3084 20

1453 3122 1798 3209 »Vestra
1843 3122 2170 3234 quidem
2211 3124 2330 3206 vis
2379 3129 2464 3205 ὃ(
2511 3117 2771 3232 gloria
2814 3123 2899 3203 in
2937 3122 3260 3234 integro
3312 3123 3422 3206 est
3435 3182 3464 3226 ‚
3509 3115 3776 3204 addita
3827 3119 4227 3203 modestiae

1456 3241 1770 3343 »fama‘i3
1798 3276 1966 3358 quae
2006 3277 2265 3361 neque
2294 3248 2620 3330 summis
2650 3246 3118 3333 mortalium
3152 3247 3597 3364 spernenda
3626 3249 3735 3329 est
3759 3305 3788 3353 ,
3851 3253 3936 3330 ὅ(
3981 3276 4024 3329 a
4076 3246 4227 3330 diis

1456 3374 1938 3457 »aestimatur
1980 3408 2068 3459 ».
2165 3369 2431 3459 Simul
2503 3371 2952 3459 diademate
3013 3401 3256 3489 caput
3341 3372 3722 3458 Tiridatis
3827 3373 4139 3456 evinxit
4196 3399 4226 3468 ;

1456 3527 1914 3614 promptam
1962 3504 2326 3610 equitum
2374 3528 2757 3605 manum,
2824 3530 2992 3612 quae
3058 3532 3335 3614 regem
3391 3529 3494 3583 ex
3549 3528 3774 3583 more
3822 3500 4158 3583 senatur
4197 3555 4229 3601 ,
4279 3522 4288 3528 ·

1454 3625 1782 3711 Monesi
1809 3685 1837 3728 ,
1894 3623 2152 3708 nobili
2208 3628 2387 3710 viro
2413 3681 2443 3728 ‚
2507 3625 2891 3730 tradidit,
2959 3624 3279 3735 adjeEtis
3328 3625 3932 3712 Adiabenorum
4000 3627 4228 3711 auxi·
4284 3646 4332 3699 2
4349 3641 4397 3723 ς

1452 3747 1586 3834 liis
1643 3786 1659 3833 ε
1711 3751 2278 3863 mandavitque
2361 3785 2406 3826 «
2449 3751 2864 3861 Tigranen
2916 3751 3303 3839 Armenia
3361 3751 3765 3840 exturbari
3820 3788 3866 3828 »
3904 3809 3933 3854 ,
4033 3751 4229 3835 dum

1455 3876 1625 3993 ipse
1647 3934 1678 3980 ,
1714 3876 1983 3992 pofitis
2038 3877 2418 3984 ‘adversus
2472 3878 2910 3994 Hyrcanos
2978 3880 3399 3978 discordiis
3446 3936 3478 3986 ‚
3551 3880 3759 3963 vires
3829 3878 4155 3963 intimas
4196 3935 4230 3984 ‚

1537 4167 1558 4197 ¹
1611 4158 2015 4225 Mononazus
2056 4162 2086 4238 J
2885 4161 3235 4236 maximus,
3283 4157 3603 4238 Judaicam
3655 4156 4032 4240 religionem
4118 4169 4236 4222 ro-··

2885 4242 3106 4316 fessus,
3155 4237 3302 4304 teste
3347 4237 3669 4321 ,Josepho,
3728 4238 3948 4318 Antiq.
3990 4241 4066 4302 Ju
4111 4238 4233 4302 aie.

2885 4323 3001 4439 xz(
3024 4342 3264 4462 ’Eg‘mm
3303 4419 3531 4462 uacum
3570 4401 3816 4475 urna]
3851 4401 4129 4461 Vonone
4146 4395 4239 4467 IL‘

2883 4477 3250 4619 Vologefis,
3277 4476 3577 4540 Tiridatis
3597 4478 3669 4540 δε
3684 4473 3901 4540 Pacori
3916 4490 4120 4561 patre3
4145 4472 4226 4532 de

2885 4578 3013 4638 quo
3094 4577 3244 4637 upra
3293 4557 3518 4619 Annal.
3579 4557 3697 4617 XII
3742 4601 3762 4631 ,
3812 4575 3904 4630 14.
3952 4554 4021 4614 ὅ(
4061 4546 4226 4610 infra

2882 4655 2995 4776 ἴθ’)
3000 4657 3078 4775 '11¹
3092 4660 3153 4716 4‘
3172 4635 3347 4777 viii}
3412 4655 3623 4771 ¹¹⁰q²²i
3661 4633 4229 4771 53⁰1sseffi<535²¹32

2880 4730 3784 4857 Effinqffixixgnibusrgigzgnah
3814 4787 3906 4860 11,
3935 4806 3959 4845 1
3998 4784 4070 4847 &
4090 4804 4147 4860 3.

2124 4162 2574 4238 Monobazus,
2621 4183 2811 4245 penes

1457 4254 1649 4316 quem
1676 4254 1805 4300 erat
1822 4239 2294 4304 Adiabenorum
2322 4242 2603 4332 regimen
2622 4284 2642 4314 ‚
2669 4249 2809 4309 Vo-

1456 4312 1680 4394 logefis
1724 4316 1795 4378 &
1832 4317 2180 4397 primorum
2224 4337 2511 4402 gentium
2557 4319 2810 4384 illarum

1456 4392 1753 4456 dolorem
1794 4398 2218 4473 accendebat,
2272 4400 2591 4480 rogitanS,
2631 4401 2807 4481 quod

1455 4471 1797 4550 praefidium
1818 4521 1837 4550 ‚
1864 4494 1969 4540 aut
2007 4478 2174 4540 unde
2203 4479 2481 4568 peteret?
2503 4481 2640 4540 Jam
2668 4481 2806 4544 Ro-

1456 4569 1679 4638 manos
1707 4555 2071 4619 Armeniam
2099 4556 2296 4636 potiri
2328 4579 2345 4619 ε
2382 4556 2753 4621 Adiabenen
2785 4606 2803 4635 ,

1456 4628 1706 4764 ahaffiqe
1757 4634 2044 4710 proxima
2083 4634 2281 4709 trahi,
2317 4634 2431 4698 nifi
2463 4633 2807 4700 defendant

1458 4705 1597 4792 Part
1642 4726 1664 4765 1
1685 4711 2124 4800 :cogitandam
2138 4713 2537 4777 deditionem
2560 4736 2576 4776 ε
2605 4714 2806 4778 levius

1459 4799 1633 4841 emm
1656 4783 1977 4852 servrtrum
2007 4793 2171 4871 apud
2189 4794 2512 4857 Romanos
2537 4794 2763 4856 deditis
2786 4841 2804 4869 ,

1457 4875 1646 4935 quam
1669 4864 1861 4951 captis
1899 4869 2038 4930 effe.
2077 4872 2472 4935 Monobazus
2496 4871 2660 4936 filius
2677 4889 2806 4937 erat

1456 4935 1805 5006 Monobazr
1824 4942 1894 5009 &
1917 4945 2174 5014 Helene
2192 4994 2214 5026 ,
2232 4951 2411 5019 Izatis
2434 4950 2625 5018 frater
2649 4967 2804 5018 natu

2962 4883 2985 4928 ³
3029 4876 3266 4935 Suuuo
3295 4871 3588 4944 uomina]
3623 4866 3696 4927 {d
3719 4863 3838 4940 est,
3857 4861 4234 4928 Parthorum

2881 4971 3077 5032 regno
3095 4997 3117 5034 ,
3141 4951 3382 5016 summo
3402 4944 3832 5012 Arsacidarum
3850 4940 4117 5022 fastigio.

3766 5028 4231 5140 molemque
