4975 6149
1194 601 1427 646 —
1471 572 1840 657 »ditumz
1885 595 2324 677 numquam
2355 596 2503 681 pro
2543 561 2795 650 salute
2832 565 3273 680 Principis,
3316 590 3455 650 aut
3494 560 3780 651 caelesti
3823 594 4032 653 voce
4064 578 4087 615 ¹
4122 565 4264 652 imi·

1471 695 1992 782 »molaviss‘ez
2041 694 2451 778 adsiduum
2475 691 2678 776 olim
2709 699 2794 777 &
2832 692 3309 777 indefessum
3331 752 3360 797 ,
3396 697 3542 803 qui
3565 691 4028 804 vulgaribus
4066 686 4265 806 quo-

1239 884 1289 932 ³.
1312 883 1372 934 C·
1471 862 1517 903 >2
1537 854 1690 938 que
1722 847 2038 939 patrum
2079 817 2469 905 consultis
2499 821 2751 905 semet
2781 819 3181 905 fautorem
3205 879 3234 924 ,
3273 846 3411 903 aut
3440 821 3977 904 adversarium
4008 825 4261 907 osten-

1467 987 1515 1031 >2
1535 954 1760 1039 deret
1786 1009 1813 1054 ,
1855 951 2208 1032 triennio
2240 978 2408 1033 non
2438 946 2827 1031 introiisse
2859 949 3166 1030 curiam
3195 954 3270 1027 ²:
3304 948 3925 1059 nuperrimeque
3952 1006 3983 1052 ,
4016 953 4261 1055 cum,

1192 679 1257 730 A.
1279 682 1339 729 U.
1360 681 1421 731 C.

1235 771 1379 838 819.

1246 974 1353 1032 66.

1480 437 1655 510 272

2014 403 2115 488 C.
2245 398 3042 489 CORNELII
3159 398 3757 549 T'ACITI

1371 1132 1376 1137 ·
1467 1114 1515 1158 »
1536 1080 1636 1164 ad
1661 1076 2158 1163 coercendos
2177 1074 2550 1158 Silanum
2580 1076 3062 1159 &Veterem
3091 1082 3113 1132 ³
3137 1132 3166 1176 ,
3194 1073 3566 1157 certatim
3593 1103 4251 1181 concurreretur,

1467 1208 1860 1321 »privatis
1902 1205 2169 1318 potius
2215 1199 2641 1285 clientium
2678 1202 3030 1312 negotiis
3063 1200 3501 1284 vacavisse:
3540 1200 4056 1285 secessionem
4084 1200 4251 1315 jam

1467 1367 1514 1410 >2
1535 1334 1734 1437 id,&
1754 1355 2045 1446 partes3
2065 1336 2178 1431 &,
2206 1327 2491 1412 fiidem
2516 1324 2755 1410 multi
2786 1327 3164 1431 audeant,
3187 1323 3498 1410 bellum
3526 1327 3679 1411 effe
3696 1363 3741 1406 »
3764 1392 3784 1412 .
3806 1330 3974 1413 «Ut
4001 1360 4256 1440 quonss

1468 1494 1514 1537 »
1535 1460 1716 1544 dam
1734 1459 1833 1541 C.
1854 1456 2244 1540 Caesarem
2258 1464 2342 1531 4»
2360 1458 2658 1565 ,inquit
2670 1513 2699 1558 ,
2716 1462 2852 1538 a&
2877 1455 3003 1538 M.
3017 1456 3449 1551 Catonem3
3480 1457 3591 1538 ita
3620 1485 3836 1540 nunc
3857 1482 3966 1559 te,
3983 1460 4251 1562 Nero,

1465 1595 1618 1669 »ὃς
1656 1584 2094 1669 Thraseam
2148 1581 2382 1665 avida
2418 1582 3003 1666 discordiarum
3070 1584 3355 1666 civitas
3416 1578 3800 1692 loquitur.
3848 1581 3955 1666 Et
4000 1581 4246 1669 habet

1462 1712 1947 1795 »sectatores
1984 1768 2013 1813 ,
2062 1704 2197 1791 vel
2240 1712 2507 1824 potius
2559 1705 2943 1795 satellites
2973 1769 3002 1814 ,
3056 1712 3195 1820 qui
3232 1708 3594 1793 nondum
3645 1714 4244 1796 contumaciam

1465 1873 1512 1916 >2
1532 1839 2102 1923 sententiarum
2134 1893 2161 1938 ,
2209 1835 2347 1919 sed
2375 1832 2743 1919 habitum
2782 1833 3262 1948 vultumque
3310 1832 3479 1943 ejus
3522 1838 3913 1921 seEiantur
3937 1896 3965 1940 ,
4006 1836 4247 1949 rigidi

1463 1974 1615 2048 »Bc
1656 1967 1953 2066 tristes,
1989 1968 2152 2075 quo
2181 1961 2331 2045 tibi
2367 1960 2787 2049 lasciviam
2824 1962 3339 2080 exprobrent.
3377 1966 3603 2048 Huic
3638 1966 3780 2046 uni
3817 1962 4246 2049 incolumi-

1461 2118 1645 2175 »tas
1687 2119 1825 2176 tua
1864 2091 2026 2173 fine
2070 2115 2236 2173 arte
2263 2098 2290 2154 5
2325 2147 2353 2192 ,
2399 2090 2562 2172 fine
2600 2094 2943 2174 honore.
2982 2088 3406 2204 Prosperas
3437 2092 3832 2202 Principis
3875 2121 3997 2174 res
4034 2091 4247 2203 sper-

1460 2253 1507 2296 »
1529 2222 1686 2300 nit:
1728 2218 2077 2300 etiamne
2105 2211 2445 2297 luRibus
2478 2224 2563 2297 &
2594 2213 3008 2298 doloribus
3045 2245 3215 2297 non
3251 2216 3630 2297 satiatur?
3673 2210 4052 2319 Ejusdem
4084 2218 4247 2299 ani-

1355 2413 1362 2419 .
1460 2347 1639 2425 »mi
1678 2345 1785 2426 est
1811 2399 1838 2444 ,
1886 2343 2307 2454 Poppaeam
2339 2339 2609 2423 divam
2647 2371 2819 2423 non
2862 2341 3190 2426 credere
3211 2400 3240 2443 ,
3281 2336 3509 2447 cujus
3538 2342 3624 2421 in
3665 2341 3829 2422 aeia
3870 2339 4036 2422 divi
4076 2340 4237 2421 Au·

1462 2505 1509 2548 ³>
1525 2471 1731 2581 gusti
1759 2475 1842 2550 ὅ(
1868 2468 2036 2551 divi
2060 2468 2108 2556 J
2112 2464 2258 2547 ulii
2287 2495 2453 2548 non
2482 2463 2769 2572 jurare.
2794 2469 3121 2581 Spernit
3136 2464 3606 2580 religiones,
3633 2462 3964 2577 abrogat
3988 2465 4240 2576 legeS.

1460 2596 1843 2678 »Diurna
1882 2589 2168 2707 populi
2206 2594 2564 2676 Romani
2602 2624 2743 2707 per
2782 2596 3240 2709 provincias
3270 2653 3298 2697 ,
3346 2623 3484 2707 per
3524 2594 3926 2675 exercitus
3954 2650 3982 2694 ,
4023 2622 4241 2677 cura·-

1460 2724 1680 2806 »tius
1724 2716 2104 2830 leguntur
2130 2779 2157 2822 ,
2202 2747 2292 2803 ut
2352 2720 2730 2817 noscatur
2777 2720 2971 2832 quid
3012 2720 3369 2817 Thrasea
3406 2749 3574 2802 non
3620 2719 3906 2800 fecerit
3966 2716 4026 2800 ⁶.
4067 2720 4238 2802 Aut

1462 2882 1511 2928 »
1532 2846 2017 2931 transeamus
2047 2845 2147 2942 ad
2184 2842 2327 2935 illa
2363 2847 2719 2945 ‚instituta
2740 2907 2767 2949 ,
2798 2838 2852 2926 li
2883 2849 3204 2959 potiora
3233 2845 3456 2926 sunt:
3497 2872 3633 2947 aut
3659 2874 3871 2927 nova
3901 2847 4238 2959 cupien-

1465 2974 1742 3077 »tibus
1781 2972 2192 3073 ‚auferatur
2239 2970 2404 3056 dux
2464 2979 2548 3057 ὅ(
2590 2976 2898 3071 ,ευξὶοικ
2944 2973 3096 3056 Ista
3142 2973 3348 3054 secia
3400 2982 3430 3029 ⁷
3482 2970 3959 3056 Tuberones
3989 2966 4022 3018 ⁸
4065 3031 4094 3080 ,
4125 2981 4233 3071 ,δε

1544 3219 1563 3249 ¹
1608 3210 1897 3270 Caras-n
1934 3228 2105 3273 voce
2127 3207 2157 3282 ]
2183 3205 2420 3271 Caelesti
2450 3230 2614 3274 voce
2642 3208 2811 3271 Prin-

1461 3285 1622 3367 cipis
1641 3286 1917 3350 cantoris
1938 3308 1958 3359 ;
1976 3287 2054 3348 de
2071 3286 2192 3366 qua
2206 3288 2544 3351 Suetonius
2564 3289 2629 3352 in
2654 3291 2805 3367 Ner.

1461 3369 1634 3430 xxi.
1678 3364 2085 3446 Apertitisque
2123 3364 2402 3429 Philostr.
2449 3369 2579 3431 Vit.
2618 3369 2811 3448 Apol-

1463 3447 1749 3522 lon.V,7.
1779 3447 1978 3520 Quot,
2000 3444 2197 3522 inquit,
2225 3447 2295 3507 ὃ(
2318 3448 2505 3525 quarn
2533 3467 2749 3527 graves
2776 3467 2810 3509 e

1459 3521 1721 3587 theatris
1744 3522 2033 3585 oriuntur
2062 3521 2444 3586 accusatores
2463 3572 2480 3599 ‚
2504 3530 2645 3586 etun
2681 3523 2809 3588 haec

1462 3603 1772 3665 delatores
1814 3600 2180 3704 redarguant
2227 3623 2244 3662 :
2290 3610 2400 3663 οὐκ
2435 3602 2578 3668 ἶλοες
2616 3611 2811 3684 ἐκροα-

1463 3681 1663 3759 σᾶμινος
1701 3679 1951 3759 Χίρωνος,
2000 3683 2024 3743 ir
2059 3683 2294 3758 παρὶἶιθτι
2314 3682 2406 3759 μὶν
2433 3727 2451 3755 ,
2492 3685 2723 3762 ῥᾳθύμως
2750 3684 2810 3745 ἢ

1464 3765 1619 3839 impul?
1642 3803 1660 3832 ‚
1697 3758 1878 3831 ἰγέλεις
1897 3801 1916 3831 ,
1953 3764 2020 3820 ἐκ
2045 3759 2320 3837 ἔκρότηηις
2337 3805 2356 3835 ,
2386 3767 2454 3824 ἐκ
2471 3764 2653 3827 ’ἔθυσας
2692 3763 2808 3844 bot-*tp

1464 3848 1557 3904 τῖς
1602 3844 1765 3916 φωνῖς
1788 3881 1807 3910 ,
1858 3838 1935 3897 ἵνα
1984 3837 2206 3899 nuez&
2255 3841 2590 3921 λαμπροτέροι
2643 3843 2810 3904 ’ἔλθοι

1461 3918 1600 3978 Non
1641 3914 1831 3996 vetusti
1872 3913 2118 3975 auditum
2146 3916 2467 3993 Neronem,
2508 3937 2609 3977 aut
2634 3923 2813 4059 verbis-

2720 4053 2724 4058 .
2756 4022 2809 4078 1,

1459 3996 1508 4055 ti
1529 3990 1738 4072 quidem
1757 4040 1776 4065 ,
1824 3991 1890 4052 ed
1910 3994 2060 4076 negli
2101 4012 2275 4070 enter,
2304 3995 2560 4077 audivisti
2576 4044 2596 4072 ‚
2620 3998 2712 4079 rili

2966 3222 2988 3267 5
3034 3214 3178 3274 Sum
3218 3210 3432 3287 Art-rt]
3459 3209 3679 3273 Mallet
3706 3207 3944 3290 Lipsius
3965 3254 3984 3283 ,
4013 3207 4083 3271 &
4108 3226 4235 3271 me·

2888 3289 3047 3366 rito,
3071 3290 3219 3351 Huic
3261 3290 3358 3350 uni
3399 3288 3749 3350 incolumitas
3794 3306 3887 3347 tua
3902 3284 4031 3366 stne
4058 3289 4235 3361 curci,

2888 3387 3040 3429 artes
3057 3368 3186 3449 fine
3231 3369 3450 3430 honore.
3486 3368 3648 3431 Vide
3674 3372 3872 3431 Notas
3906 3367 3973 3428 &
4005 3366 4232 3426 Emen-

2887 3449 3175 3511 dationes
3199 3448 3277 3512 ad
3322 3446 3546 3510 Annal.
3582 3451 3726 3510 XVI
3756 3494 3776 3522 ,
3814 3467 3914 3508 22.
4171 3520 4187 3534 ο

2963 3531 2990 3565 ⁶
3036 3529 3184 3591 Nou
3237 3549 3500 3591 tecnam·
3531 3530 3558 3604 ]
3592 3525 3733 3603 Qua
3767 3525 3833 3587 in
3858 3545 3923 3587 re
3954 3523 4234 3599 senatur,

2888 3605 3157 3686 Principi
3184 3606 3489 3670 restiterit.
3526 3604 3839 3679 Romani,
3866 3619 3935 3666 ut
3959 3603 4029 3666 δι
4075 3622 4236 3678 nos,

2886 3682 3155 3748 habuere
3200 3685 3420 3749 diurna
3445 3733 3463 3760 ‚
3494 3681 3590 3744 des
3628 3683 3915 3763 Gazettes.
4114 3757 4125 3770 ³

2966 3776 2992 3817 7
3033 3767 3177 3828 Isu
3218 3788 3409 3829 sne-ra
3448 3768 3475 3840 ]
3512 3763 3744 3826 Stoica.
3791 3765 3936 3826 Lon
3982 3764 4015 3822 ὲ
4048 3758 4232 3822 ahter

2888 3846 3168 3919 Seneca,
3196 3845 3272 3908 de
3304 3840 3683 3916 Clementini,
3707 3844 3804 3915 11,
3840 3861 3894 3911 5.
3989 3837 4232 3916 ullasec·

2888 3939 2946 3979 ta
2978 3921 3268 4004 benignior
3301 3922 3570 3998 leniorque
3602 3918 3709 3994 esi,
3752 3917 3907 3977 nulla
3958 3917 4236 3976 amantior

2886 3999 3193 4074 hominum,
3247 3999 3309 4058 Cr·
3340 3996 3709 4057 communibus
3733 3995 3892 4058 bonis
3929 3997 4231 4058 attentiore

1460 4092 1571 4133 non
1592 4070 1766 4153 plaqli
1808 4072 1828 4133 ἰ
1855 4120 1876 4148 ,
1914 4093 2023 4133 non
2072 4073 2367 4210 acrgficasti
2389 4096 2490 4152 pro
2512 4073 2618 4136 kae
2638 4063 2769 4139 vo'ce
2788 4126 2809 4156 ,
2887 4096 2948 4136 ut
2971 4076 3293 4157 propositum
3348 4096 3392 4137 ιτ
3422 4075 3535 4166 ufiu'
3582 4076 3678 4157 effi:
3721 4093 3820 4136 aur
3857 4075 4102 4151 auxilio,
4129 4092 4232 4133 nec

2189 4173 2207 4213 1

1458 4169 1522 4212 ut
1547 4170 1618 4210 ex
1644 4149 1754 4231 Pyt
1791 4171 1820 4211 ο
1857 4150 2060 4212 clamor
2092 4173 2152 4213 re
2212 4171 2314 4214 ret.

2864 4153 2981 4236 fibi
3015 4158 3265 4232 tantam,
3323 4154 3389 4214 ed
3427 4154 3693 4245 unsvers&
3718 4155 4055 4244 singulisque
4098 4172 4234 4213 con-

1533 4239 1561 4270 ²
1603 4231 1920 4294 Tmamuo
1959 4255 2084 4294 nou
2115 4252 2470 4296 rurnorrssa
2509 4236 2802 4311 cumam]
2865 4232 3069 4313 fidere.
3116 4236 3200 4297 At
3240 4234 3348 4315 qui
3399 4234 3697 4297 universis
3740 4235 4051 4309 consulit,
4099 4252 4231 4296 am-

1455 4308 1616 4384 Sed,
1648 4325 1717 4372 ut
1745 4308 2027 4386 videtur,
2065 4312 2144 4372 ab
2179 4310 2311 4391 ipso
2346 4312 2635 4392 Principe
2667 4332 2808 4391 pro-

1456 4387 1751 4451 hibitum.
1785 4390 2013 4451 Annal.
2044 4392 2158 4453 XV
2182 4437 2201 4465 ,
2239 4410 2343 4467 23.

1539 4475 1558 4520 3
1604 4471 1901 4530 Samum
1938 4492 2011 4532 ετ
2052 4473 2416 4547 varanna]
2449 4470 2547 4533 De
2576 4468 2803 4552 quibus

1456 4544 1686 4607 dierum
1716 4545 1891 4625 supra
1918 4567 2051 4626 cap.
2084 4568 2125 4623 9
2163 4547 2233 4610 &
2275 4569 2372 4610 10.

1486 4700 1499 4713 .
1534 4633 1567 4672 ⁴
1610 4626 1686 4685 C.
1733 4626 2060 4687 Caesmum
2082 4626 2111 4702 J
2136 4629 2218 4688 Ut
2237 4627 2573 4716 quondam
2600 4631 2677 4692 C.
2705 4633 2806 4692 Ju-

1455 4700 1611 4762 hum
1651 4702 1949 4765 Caesarem
1991 4703 2278 4768 servitun
2316 4705 2760 4771 imminentem
2783 4756 2801 4785 ,

1450 4779 1523 4867 βε
1558 4778 1646 4839 Μ.
1692 4781 2005 4843 Catonem
2043 4782 2348 4847 libertatis
2401 4787 2757 4851 assertorem
2783 4836 2801 4862 ‚

1449 4870 1539 4943 tta
1581 4877 1746 4945 nunc
1774 4874 1838 4920 te
1858 4905 1876 4931 ‚
1909 4862 2122 4935 Nero,
2160 4864 2231 4926 8<
2259 4863 2594 4930 Thraseam
2618 4867 2804 4932 avida

1439 4932 1894 5010 discordrarum
1927 4937 2147 5002 civitas
2182 4941 2485 5022 loquitur.

2883 4313 3049 4403 plam
3087 4312 3326 4394 semper
3372 4313 3613 4378 obtulit
3671 4312 4045 4378 criminandi
4104 4332 4236 4373 ma-

2882 4407 3128 4456 terrem.

2960 4470 2985 4512 ⁸
3055 4474 3440 4539 Tunnnours
3486 4475 3518 4550 ]
3582 4478 3663 4552 Q.
3722 4473 3917 4536 AElius
3967 4471 4227 4556 Tubero

2882 4549 3138 4615 scientia
3162 4554 3314 4631 juris
3339 4601 3357 4628 ‚
3374 4553 3605 4618 Stoicis
3638 4549 4090 4627 dialecticisque
4113 4547 4234 4609 drs·

2881 4628 3131 4710 ciplinis
3176 4632 3649 4704 celeberrimus,
3691 4630 3794 4690 sed
3833 4626 4018 4706 paulo
4058 4625 4231 4689 seve-

2881 4709 3011 4772 rior
3032 4733 3050 4789 ;
3099 4712 3175 4774 de
3200 4733 3329 4789 quo
3356 4711 3551 4772 multa
3575 4708 3829 4786 quidem
3852 4706 4042 4767 habet
4065 4705 4233 4768 Tul.-

2880 4788 3033 4864 lius,
3061 4812 3174 4870 pro
3209 4787 3481 4851 Muraeni
3518 4786 3781 4847 XXXVI
3803 4831 3821 4858 ,
3850 4782 4016 4845 haud
4049 4782 4233 4846 silen-

2881 4868 2957 4928 da
2989 4884 3234 4939 tamen,
3288 4882 3357 4928 ut
3390 4863 3637 4927 virtutis
3676 4879 3988 4937 extrema,
4031 4862 4231 4926 vitio-

2879 4967 3016 5012 rum
3056 4945 3243 5010 initia
3299 4942 3780 5023 cognoscantur.
3826 4940 4008 5018 Noli,
4049 4940 4230 5013 Cato,

3758 5033 4170 5134 Favonios
4195 5085 4229 5133 ,

4369 1102 4431 1184 ς,

4290 3014 4541 3069 20-
