<?xml version="1.0" encoding="UTF-8"?>
<!DOCTYPE html PUBLIC "-//W3C//DTD XHTML 1.0 Transitional//EN"
    "http://www.w3.org/TR/xhtml1/DTD/xhtml1-transitional.dtd">
<html xmlns="http://www.w3.org/1999/xhtml" xml:lang="en" lang="en">
 <head>
  <title>
</title>
<meta http-equiv="Content-Type" content="text/html;charset=utf-8" />
  <meta name='ocr-system' content='tesseract 3.04.00' />
  <meta name='ocr-capabilities' content='ocr_page ocr_carea ocr_par ocr_line ocrx_word'/>
</head>
<body>
  <div class='ocr_page' id='page_1' title='image "./ccorneliitaciti04brotgoog_0538.png"; bbox 0 0 4975 6149; ppageno 0'>
   <div class='ocr_carea' id='block_1_1' title="bbox 1511 361 3422 535">
    <p class='ocr_par' dir='ltr' id='par_1_1' title="bbox 1511 361 3422 535">
     <span class='ocr_line' id='line_1_1' title="bbox 1511 361 3422 535; baseline -0.003 -24"><span class='ocrx_word' id='word_1_1' title='bbox 1511 361 1686 535; x_wconf 53' lang='grc' dir='ltr'>με</span> <span class='ocrx_word' id='word_1_2' title='bbox 2290 411 3422 529; x_wconf 76' lang='grc' dir='ltr'>ΑΝ.Εο])οΤ,Α</span> 
     </span>
    </p>
   </div>
   <div class='ocr_carea' id='block_1_2' title="bbox 1498 574 4285 1487">
    <p class='ocr_par' dir='ltr' id='par_1_2' title="bbox 1498 574 4285 1171">
     <span class='ocr_line' id='line_1_2' title="bbox 1499 574 4285 678; baseline -0.001 -22"><span class='ocrx_word' id='word_1_3' title='bbox 1499 582 1888 669; x_wconf 83' lang='lat' dir='ltr'><strong><em>altitudine,</em></strong></span> <span class='ocrx_word' id='word_1_4' title='bbox 1928 583 1996 650; x_wconf 90' lang='lat' dir='ltr'>in</span> <span class='ocrx_word' id='word_1_5' title='bbox 2042 577 2118 649; x_wconf 75' lang='lat' dir='ltr'>ed</span> <span class='ocrx_word' id='word_1_6' title='bbox 2148 576 2569 671; x_wconf 81' lang='lat' dir='ltr'>exaedificatis</span> <span class='ocrx_word' id='word_1_7' title='bbox 2604 579 2805 651; x_wconf 87' lang='lat' dir='ltr'>obiter</span> <span class='ocrx_word' id='word_1_8' title='bbox 2844 580 3196 652; x_wconf 86' lang='lat' dir='ltr'>Puteolano</span> <span class='ocrx_word' id='word_1_9' title='bbox 3245 579 3514 672; x_wconf 72' lang='lat' dir='ltr'>pulvere</span> <span class='ocrx_word' id='word_1_10' title='bbox 3539 637 3558 663; x_wconf 91' lang='lat'>,</span> <span class='ocrx_word' id='word_1_11' title='bbox 3604 574 4022 676; x_wconf 69' lang='lat' dir='ltr'>adveHifiJue.</span> <span class='ocrx_word' id='word_1_12' title='bbox 4068 575 4285 678; x_wconf 44' lang='lat' dir='ltr'>Arba*</span> 
     </span>
     <span class='ocr_line' id='line_1_3' title="bbox 1501 675 4277 772; baseline -0.001 -18"><span class='ocrx_word' id='word_1_13' title='bbox 1501 689 1594 754; x_wconf 90' lang='lat' dir='ltr'>ris</span> <span class='ocrx_word' id='word_1_14' title='bbox 1650 688 1781 755; x_wconf 84' lang='lat' dir='ltr'>e‘us</span> <span class='ocrx_word' id='word_1_15' title='bbox 1827 677 2162 772; x_wconf 74' lang='lat' dir='ltr'>craffitudo</span> <span class='ocrx_word' id='word_1_16' title='bbox 2203 701 2477 772; x_wconf 85' lang='lat' dir='ltr'>quatuor</span> <span class='ocrx_word' id='word_1_17' title='bbox 2518 679 2841 749; x_wconf 84' lang='lat' dir='ltr'>hominum</span> <span class='ocrx_word' id='word_1_18' title='bbox 2888 681 3073 751; x_wconf 87' lang='lat' dir='ltr'>ulnas</span> <span class='ocrx_word' id='word_1_19' title='bbox 3104 680 3647 769; x_wconf 61' lang='lat' dir='ltr'>compleffentium</span> <span class='ocrx_word' id='word_1_20' title='bbox 3691 678 4039 771; x_wconf 88' lang='lat' dir='ltr'>implebat,</span> <span class='ocrx_word' id='word_1_21' title='bbox 4080 675 4277 756; x_wconf 84' lang='lat' dir='ltr'>Plin.·</span> 
     </span>
     <span class='ocr_line' id='line_1_4' title="bbox 1498 774 4273 874; baseline -0 -20"><span class='ocrx_word' id='word_1_22' title='bbox 1498 781 1634 856; x_wconf 90' lang='lat' dir='ltr'>XV</span> <span class='ocrx_word' id='word_1_23' title='bbox 1699 833 1720 866; x_wconf 91' lang='lat'><strong><em>,</em></strong></span> <span class='ocrx_word' id='word_1_24' title='bbox 1749 803 1877 872; x_wconf 82' lang='lat'>40.</span> <span class='ocrx_word' id='word_1_25' title='bbox 1925 776 2111 851; x_wconf 85' lang='lat' dir='ltr'>Haec</span> <span class='ocrx_word' id='word_1_26' title='bbox 2147 775 2246 850; x_wconf 92' lang='lat' dir='ltr'>est</span> <span class='ocrx_word' id='word_1_27' title='bbox 2275 776 2434 849; x_wconf 90' lang='lat' dir='ltr'>Caii</span> <span class='ocrx_word' id='word_1_28' title='bbox 2469 776 2672 851; x_wconf 89' lang='lat' dir='ltr'>navis</span> <span class='ocrx_word' id='word_1_29' title='bbox 2704 832 2724 865; x_wconf 91' lang='lat'><strong>,</strong></span> <span class='ocrx_word' id='word_1_30' title='bbox 2772 778 2917 874; x_wconf 71' lang='lat' dir='ltr'>qua</span> <span class='ocrx_word' id='word_1_31' title='bbox 2952 776 3150 848; x_wconf 91' lang='lat' dir='ltr'>nulla</span> <span class='ocrx_word' id='word_1_32' title='bbox 3174 831 3195 864; x_wconf 88' lang='lat'><strong>,</strong></span> <span class='ocrx_word' id='word_1_33' title='bbox 3231 774 3405 848; x_wconf 90' lang='lat' dir='ltr'>teste</span> <span class='ocrx_word' id='word_1_34' title='bbox 3438 774 3682 848; x_wconf 87' lang='lat' dir='ltr'>Plinio</span> <span class='ocrx_word' id='word_1_35' title='bbox 3711 830 3732 862; x_wconf 90' lang='lat'>‚</span> <span class='ocrx_word' id='word_1_36' title='bbox 3768 775 4273 853; x_wconf 71' lang='lat' dir='ltr'>admirabilior</span> 
     </span>
     <span class='ocr_line' id='line_1_5' title="bbox 1498 870 4281 975; baseline -0.002 -21"><span class='ocrx_word' id='word_1_37' title='bbox 1498 879 1580 954; x_wconf 88' lang='lat' dir='ltr'>in</span> <span class='ocrx_word' id='word_1_38' title='bbox 1621 878 1798 952; x_wconf 89' lang='lat' dir='ltr'>mari</span> <span class='ocrx_word' id='word_1_39' title='bbox 1836 876 2032 953; x_wconf 84' lang='lat' dir='ltr'>visa:</span> <span class='ocrx_word' id='word_1_40' title='bbox 2070 878 2301 975; x_wconf 85' lang='lat' dir='ltr'>major</span> <span class='ocrx_word' id='word_1_41' title='bbox 2391 875 2652 948; x_wconf 91' lang='lat' dir='ltr'>roinde</span> <span class='ocrx_word' id='word_1_42' title='bbox 2695 872 3148 947; x_wconf 90' lang='lat' dir='ltr'>undeciremi</span> <span class='ocrx_word' id='word_1_43' title='bbox 3194 872 3602 961; x_wconf 89' lang='lat' dir='ltr'>Demetrii,</span> <span class='ocrx_word' id='word_1_44' title='bbox 3652 870 3744 943; x_wconf 92' lang='lat' dir='ltr'>ad</span> <span class='ocrx_word' id='word_1_45' title='bbox 3783 898 3996 972; x_wconf 90' lang='lat' dir='ltr'>quam</span> <span class='ocrx_word' id='word_1_46' title='bbox 4045 874 4281 949; x_wconf 89' lang='lat' dir='ltr'>succi-</span> 
     </span>
     <span class='ocr_line' id='line_1_6' title="bbox 1498 902 4273 1077; baseline -0.001 -26"><span class='ocrx_word' id='word_1_47' title='bbox 1498 978 1574 1051; x_wconf 87' lang='lat' dir='ltr'>sa</span> <span class='ocrx_word' id='word_1_48' title='bbox 1620 976 1719 1051; x_wconf 91' lang='lat' dir='ltr'>est</span> <span class='ocrx_word' id='word_1_49' title='bbox 1761 979 1837 1050; x_wconf 91' lang='lat' dir='ltr'>in</span> <span class='ocrx_word' id='word_1_50' title='bbox 1905 979 2158 1077; x_wconf 91' lang='lat' dir='ltr'>Cypro</span> <span class='ocrx_word' id='word_1_51' title='bbox 2218 902 2472 1050; x_wconf 55' lang='lat' dir='ltr'>cecfius</span> <span class='ocrx_word' id='word_1_52' title='bbox 2534 997 2784 1050; x_wconf 84' lang='lat' dir='ltr'>centum</span> <span class='ocrx_word' id='word_1_53' title='bbox 2835 980 3109 1070; x_wconf 79' lang='lat' dir='ltr'>triginta</span> <span class='ocrx_word' id='word_1_54' title='bbox 3142 972 3427 1069; x_wconf 83' lang='lat' dir='ltr'>pedum,</span> <span class='ocrx_word' id='word_1_55' title='bbox 3483 971 3909 1067; x_wconf 83' lang='lat' dir='ltr'>craffitudinis</span> <span class='ocrx_word' id='word_1_56' title='bbox 3980 983 4131 1047; x_wconf 68' lang='lat' dir='ltr'>vero</span> <span class='ocrx_word' id='word_1_57' title='bbox 4184 975 4273 1049; x_wconf 80' lang='lat' dir='ltr'>ad</span> 
     </span>
     <span class='ocr_line' id='line_1_7' title="bbox 1498 1071 3181 1171; baseline -0.002 -19"><span class='ocrx_word' id='word_1_58' title='bbox 1498 1083 1699 1152; x_wconf 78' lang='lat' dir='ltr'>trium</span> <span class='ocrx_word' id='word_1_59' title='bbox 1746 1082 2070 1152; x_wconf 84' lang='lat' dir='ltr'>hominum</span> <span class='ocrx_word' id='word_1_60' title='bbox 2113 1080 2513 1171; x_wconf 86' lang='lat' dir='ltr'>complexum</span> <span class='ocrx_word' id='word_1_61' title='bbox 2543 1128 2564 1162; x_wconf 94' lang='lat'><strong>,</strong></span> <span class='ocrx_word' id='word_1_62' title='bbox 2614 1072 2799 1146; x_wconf 86' lang='lat' dir='ltr'>Plin.</span> <span class='ocrx_word' id='word_1_63' title='bbox 2845 1071 3036 1148; x_wconf 87' lang='lat' dir='ltr'>Ibid.</span> <span class='ocrx_word' id='word_1_64' title='bbox 3177 1154 3181 1157; x_wconf 54' lang='grc'>,</span> 
     </span>
    </p>

    <p class='ocr_par' dir='ltr' id='par_1_3' title="bbox 1500 1170 4276 1487">
     <span class='ocr_line' id='line_1_8' title="bbox 1612 1170 4276 1272; baseline -0 -22"><span class='ocrx_word' id='word_1_65' title='bbox 1612 1175 1845 1272; x_wconf 88' lang='lat' dir='ltr'>Quod</span> <span class='ocrx_word' id='word_1_66' title='bbox 1890 1177 2068 1251; x_wconf 77' lang='lat' dir='ltr'>vero</span> <span class='ocrx_word' id='word_1_67' title='bbox 2112 1173 2665 1249; x_wconf 84' lang='lat' dir='ltr'>admirationem</span> <span class='ocrx_word' id='word_1_68' title='bbox 2697 1171 2933 1247; x_wconf 89' lang='lat' dir='ltr'>vincit</span> <span class='ocrx_word' id='word_1_69' title='bbox 2961 1229 2982 1262; x_wconf 89' lang='lat'>‚</span> <span class='ocrx_word' id='word_1_70' title='bbox 3026 1170 3157 1247; x_wconf 92' lang='lat' dir='ltr'>stat</span> <span class='ocrx_word' id='word_1_71' title='bbox 3195 1172 3432 1248; x_wconf 91' lang='lat' dir='ltr'>adhuc</span> <span class='ocrx_word' id='word_1_72' title='bbox 3464 1175 3721 1248; x_wconf 87' lang='lat' dir='ltr'>Romae</span> <span class='ocrx_word' id='word_1_73' title='bbox 3756 1171 4276 1268; x_wconf 22' lang='lat' dir='ltr'>obeliscus-illc</span> 
     </span>
     <span class='ocr_line' id='line_1_9' title="bbox 1502 1271 4275 1376; baseline -0.001 -24"><span class='ocrx_word' id='word_1_74' title='bbox 1502 1300 1670 1352; x_wconf 90' lang='lat' dir='ltr'>ante</span> <span class='ocrx_word' id='word_1_75' title='bbox 1714 1277 1940 1353; x_wconf 85' lang='lat' dir='ltr'>aedem</span> <span class='ocrx_word' id='word_1_76' title='bbox 1981 1278 2078 1350; x_wconf 88' lang='lat' dir='ltr'>D.</span> <span class='ocrx_word' id='word_1_77' title='bbox 2124 1275 2365 1363; x_wconf 88' lang='lat' dir='ltr'>Petri,</span> <span class='ocrx_word' id='word_1_78' title='bbox 2418 1271 2749 1372; x_wconf 89' lang='lat' dir='ltr'>pondere</span> <span class='ocrx_word' id='word_1_79' title='bbox 2812 1271 3152 1348; x_wconf 89' lang='lat' dir='ltr'>librarum</span> <span class='ocrx_word' id='word_1_80' title='bbox 3205 1275 3313 1367; x_wconf 88' lang='lat'>96</span> <span class='ocrx_word' id='word_1_81' title='bbox 3320 1299 3387 1371; x_wconf 83' lang='lat'>3,</span> <span class='ocrx_word' id='word_1_82' title='bbox 3400 1297 3549 1375; x_wconf 85' lang='lat'>537</span> <span class='ocrx_word' id='word_1_83' title='bbox 3598 1281 3667 1349; x_wconf 77' lang='grc' dir='ltr'>δε</span> <span class='ocrx_word' id='word_1_84' title='bbox 3708 1274 3836 1376; x_wconf 45' lang='grc' dir='ltr'>ἧς</span> <span class='ocrx_word' id='word_1_85' title='bbox 3879 1296 4092 1350; x_wconf 88' lang='lat' dir='ltr'>antea</span> <span class='ocrx_word' id='word_1_86' title='bbox 4132 1271 4275 1350; x_wconf 59' lang='lat' dir='ltr'>stass-</span> 
     </span>
     <span class='ocr_line' id='line_1_10' title="bbox 1500 1373 4272 1487; baseline 0 -36"><span class='ocrx_word' id='word_1_87' title='bbox 1500 1377 1628 1452; x_wconf 91' lang='lat' dir='ltr'>bat</span> <span class='ocrx_word' id='word_1_88' title='bbox 1664 1377 1741 1449; x_wconf 92' lang='lat' dir='ltr'>in</span> <span class='ocrx_word' id='word_1_89' title='bbox 1784 1375 1950 1449; x_wconf 92' lang='lat' dir='ltr'>Caii</span> <span class='ocrx_word' id='word_1_90' title='bbox 1996 1381 2065 1448; x_wconf 86' lang='lat'>&amp;</span> <span class='ocrx_word' id='word_1_91' title='bbox 2108 1373 2426 1448; x_wconf 88' lang='lat' dir='ltr'>Neronis</span> <span class='ocrx_word' id='word_1_92' title='bbox 2473 1373 2673 1448; x_wconf 89' lang='lat' dir='ltr'>circo</span> <span class='ocrx_word' id='word_1_93' title='bbox 2703 1430 2723 1462; x_wconf 89' lang='lat'>,</span> <span class='ocrx_word' id='word_1_94' title='bbox 2771 1376 2971 1470; x_wconf 87' lang='lat' dir='ltr'>cujus</span> <span class='ocrx_word' id='word_1_95' title='bbox 3013 1373 3287 1473; x_wconf 89' lang='lat' dir='ltr'>triplici</span> <span class='ocrx_word' id='word_1_96' title='bbox 3343 1400 3551 1451; x_wconf 87' lang='lat' dir='ltr'>muro</span> <span class='ocrx_word' id='word_1_97' title='bbox 3599 1399 3759 1487; x_wconf 77' lang='lat' dir='ltr'>pars</span> <span class='ocrx_word' id='word_1_98' title='bbox 3804 1374 4120 1451; x_wconf 76' lang='lat' dir='ltr'>ecclesiae</span> <span class='ocrx_word' id='word_1_99' title='bbox 4166 1375 4272 1451; x_wconf 90' lang='lat' dir='ltr'>D.</span> 
     </span>
    </p>
   </div>
   <div class='ocr_carea' id='block_1_3' title="bbox 1499 1473 4414 1570">
    <p class='ocr_par' dir='ltr' id='par_1_4' title="bbox 1499 1473 4414 1570">
     <span class='ocr_line' id='line_1_11' title="bbox 1499 1473 4414 1570; baseline -0.002 -16"><span class='ocrx_word' id='word_1_100' title='bbox 1499 1475 1694 1554; x_wconf 91' lang='lat' dir='ltr'>Petri</span> <span class='ocrx_word' id='word_1_101' title='bbox 1731 1473 2087 1548; x_wconf 85' lang='lat' dir='ltr'>innititur.</span> <span class='ocrx_word' id='word_1_102' title='bbox 2131 1473 2312 1548; x_wconf 92' lang='lat' dir='ltr'>Inde</span> <span class='ocrx_word' id='word_1_103' title='bbox 2356 1498 2552 1547; x_wconf 92' lang='lat' dir='ltr'>anno</span> <span class='ocrx_word' id='word_1_104' title='bbox 2608 1476 2806 1569; x_wconf 83' lang='lat'>1586</span> <span class='ocrx_word' id='word_1_105' title='bbox 2843 1498 3006 1547; x_wconf 89' lang='lat' dir='ltr'>eum</span> <span class='ocrx_word' id='word_1_106' title='bbox 3039 1473 3401 1550; x_wconf 83' lang='lat' dir='ltr'>transferri</span> <span class='ocrx_word' id='word_1_107' title='bbox 3433 1496 3713 1549; x_wconf 76' lang='lat' dir='ltr'>curavit</span> <span class='ocrx_word' id='word_1_108' title='bbox 3757 1474 3992 1550; x_wconf 89' lang='lat' dir='ltr'>Sixtus</span> <span class='ocrx_word' id='word_1_109' title='bbox 4029 1475 4269 1570; x_wconf 84' lang='lat' dir='ltr'>Quin·</span> <span class='ocrx_word' id='word_1_110' title='bbox 4344 1495 4353 1498; x_wconf 53' lang='lat'><em>⁷</em></span> <span class='ocrx_word' id='word_1_111' title='bbox 4406 1479 4414 1490; x_wconf 87' lang='grc'><strong>’</strong></span> 
     </span>
    </p>
   </div>
   <div class='ocr_carea' id='block_1_4' title="bbox 1449 1572 4273 3861">
    <p class='ocr_par' dir='ltr' id='par_1_5' title="bbox 1449 1572 4273 3861">
     <span class='ocr_line' id='line_1_12' title="bbox 1498 1572 4272 1674; baseline -0 -25"><span class='ocrx_word' id='word_1_112' title='bbox 1498 1596 1613 1649; x_wconf 86' lang='lat' dir='ltr'>tus</span> <span class='ocrx_word' id='word_1_113' title='bbox 1646 1631 1666 1664; x_wconf 90' lang='lat'><strong>,</strong></span> <span class='ocrx_word' id='word_1_114' title='bbox 1715 1573 2052 1673; x_wconf 86' lang='lat' dir='ltr'>pontifex</span> <span class='ocrx_word' id='word_1_115' title='bbox 2086 1573 2431 1647; x_wconf 89' lang='lat' dir='ltr'>maximus</span> <span class='ocrx_word' id='word_1_116' title='bbox 2458 1627 2477 1658; x_wconf 94' lang='lat'>‚</span> <span class='ocrx_word' id='word_1_117' title='bbox 2538 1573 2630 1646; x_wconf 90' lang='lat' dir='ltr'>ad</span> <span class='ocrx_word' id='word_1_118' title='bbox 2685 1572 2906 1649; x_wconf 87' lang='lat' dir='ltr'>Urbis</span> <span class='ocrx_word' id='word_1_119' title='bbox 2941 1572 3405 1673; x_wconf 78' lang='lat' dir='ltr'>splendorem</span> <span class='ocrx_word' id='word_1_120' title='bbox 3438 1580 3506 1649; x_wconf 74' lang='grc' dir='ltr'>ἀ</span> <span class='ocrx_word' id='word_1_121' title='bbox 3564 1596 4073 1648; x_wconf 86' lang='lat' dir='ltr'>ornamentum</span> <span class='ocrx_word' id='word_1_122' title='bbox 4112 1575 4272 1674; x_wconf 86' lang='lat' dir='ltr'>pari</span> 
     </span>
     <span class='ocr_line' id='line_1_13' title="bbox 1501 1672 4270 1775; baseline 0 -27"><span class='ocrx_word' id='word_1_123' title='bbox 1501 1700 1669 1748; x_wconf 88' lang='lat' dir='ltr'>cum</span> <span class='ocrx_word' id='word_1_124' title='bbox 1694 1674 2088 1747; x_wconf 72' lang='lat' dir='ltr'>Caesaribus</span> <span class='ocrx_word' id='word_1_125' title='bbox 2122 1674 2390 1750; x_wconf 89' lang='lat' dir='ltr'>animo.</span> <span class='ocrx_word' id='word_1_126' title='bbox 2423 1674 2515 1747; x_wconf 89' lang='lat' dir='ltr'>In</span> <span class='ocrx_word' id='word_1_127' title='bbox 2540 1672 2616 1746; x_wconf 93' lang='lat' dir='ltr'>id</span> <span class='ocrx_word' id='word_1_128' title='bbox 2644 1698 2830 1772; x_wconf 86' lang='lat' dir='ltr'>opus</span> <span class='ocrx_word' id='word_1_129' title='bbox 2858 1729 2877 1762; x_wconf 92' lang='lat'><strong>,</strong></span> <span class='ocrx_word' id='word_1_130' title='bbox 2903 1673 3070 1748; x_wconf 78' lang='lat' dir='ltr'>cum</span> <span class='ocrx_word' id='word_1_131' title='bbox 3094 1674 3469 1750; x_wconf 89' lang='lat' dir='ltr'>modicum</span> <span class='ocrx_word' id='word_1_132' title='bbox 3498 1674 3734 1753; x_wconf 86' lang='lat' dir='ltr'>adhuc</span> <span class='ocrx_word' id='word_1_133' title='bbox 3777 1673 3947 1749; x_wconf 81' lang='lat' dir='ltr'>esset</span> <span class='ocrx_word' id='word_1_134' title='bbox 3986 1674 4270 1775; x_wconf 85' lang='lat' dir='ltr'>argenti</span> 
     </span>
     <span class='ocr_line' id='line_1_14' title="bbox 1500 1773 4268 1874; baseline 0 -28"><span class='ocrx_word' id='word_1_135' title='bbox 1500 1773 1812 1874; x_wconf 90' lang='lat' dir='ltr'>pretium</span> <span class='ocrx_word' id='word_1_136' title='bbox 1839 1829 1858 1862; x_wconf 92' lang='lat'><strong>,</strong></span> <span class='ocrx_word' id='word_1_137' title='bbox 1910 1773 2269 1872; x_wconf 90' lang='lat' dir='ltr'>impendit</span> <span class='ocrx_word' id='word_1_138' title='bbox 2321 1798 2555 1870; x_wconf 83' lang='lat'>37‚97</span> <span class='ocrx_word' id='word_1_139' title='bbox 2568 1794 2604 1874; x_wconf 85' lang='lat'><em>5</em></span> <span class='ocrx_word' id='word_1_140' title='bbox 2641 1798 2972 1847; x_wconf 91' lang='lat' dir='ltr'>nummos</span> <span class='ocrx_word' id='word_1_141' title='bbox 2999 1773 3373 1849; x_wconf 84' lang='lat' dir='ltr'>Romanos</span> <span class='ocrx_word' id='word_1_142' title='bbox 3403 1832 3423 1865; x_wconf 90' lang='lat'><strong>,</strong></span> <span class='ocrx_word' id='word_1_143' title='bbox 3449 1777 3635 1873; x_wconf 78' lang='lat' dir='ltr'>studi</span> <span class='ocrx_word' id='word_1_144' title='bbox 3664 1826 3683 1858; x_wconf 89' lang='lat'><strong>,</strong></span> <span class='ocrx_word' id='word_1_145' title='bbox 3707 1799 3862 1847; x_wconf 91' lang='lat' dir='ltr'>non</span> <span class='ocrx_word' id='word_1_146' title='bbox 3880 1773 4268 1862; x_wconf 77' lang='lat' dir='ltr'>numeratis</span> 
     </span>
     <span class='ocr_line' id='line_1_15' title="bbox 1498 1870 4266 1975; baseline 0 -28"><span class='ocrx_word' id='word_1_147' title='bbox 1498 1870 1934 1972; x_wconf 79' lang='lat' dir='ltr'>amplissimis</span> <span class='ocrx_word' id='word_1_148' title='bbox 1981 1873 2291 1972; x_wconf 84' lang='lat' dir='ltr'>praemiis</span> <span class='ocrx_word' id='word_1_149' title='bbox 2319 1928 2339 1962; x_wconf 90' lang='lat'>,</span> <span class='ocrx_word' id='word_1_150' title='bbox 2430 1897 2541 1945; x_wconf 83' lang='lat' dir='ltr'>uae</span> <span class='ocrx_word' id='word_1_151' title='bbox 2595 1873 2996 1948; x_wconf 92' lang='lat' dir='ltr'>Dominico</span> <span class='ocrx_word' id='word_1_152' title='bbox 3044 1874 3441 1963; x_wconf 83' lang='lat' dir='ltr'>Fontanae,</span> <span class='ocrx_word' id='word_1_153' title='bbox 3488 1873 3881 1949; x_wconf 65' lang='lat' dir='ltr'>architesto</span> <span class='ocrx_word' id='word_1_154' title='bbox 3953 1873 4266 1975; x_wconf 80' lang='lat' dir='ltr'>ducique</span> 
     </span>
     <span class='ocr_line' id='line_1_16' title="bbox 1499 1900 4265 2074; baseline 0 -28"><span class='ocrx_word' id='word_1_155' title='bbox 1499 1971 1745 2070; x_wconf 88' lang='lat' dir='ltr'>operis</span> <span class='ocrx_word' id='word_1_156' title='bbox 1773 2027 1793 2059; x_wconf 89' lang='lat'>,</span> <span class='ocrx_word' id='word_1_157' title='bbox 1848 1970 2053 2047; x_wconf 91' lang='lat' dir='ltr'>dono</span> <span class='ocrx_word' id='word_1_158' title='bbox 2103 1971 2325 2048; x_wconf 89' lang='lat' dir='ltr'>dedit.</span> <span class='ocrx_word' id='word_1_159' title='bbox 2369 1900 2699 2074; x_wconf 47' lang='grc' dir='ltr'>ἔτερψε</span> <span class='ocrx_word' id='word_1_160' title='bbox 2752 1973 3081 2072; x_wconf 88' lang='lat' dir='ltr'>impensa</span> <span class='ocrx_word' id='word_1_161' title='bbox 3118 1975 3257 2048; x_wconf 87' lang='lat' dir='ltr'>fuit</span> <span class='ocrx_word' id='word_1_162' title='bbox 3299 1974 3582 2048; x_wconf 77' lang='lat' dir='ltr'>tanturn</span> <span class='ocrx_word' id='word_1_163' title='bbox 3609 2030 3629 2063; x_wconf 91' lang='lat'>‚</span> <span class='ocrx_word' id='word_1_164' title='bbox 3659 1997 3741 2048; x_wconf 90' lang='lat' dir='ltr'>ut</span> <span class='ocrx_word' id='word_1_165' title='bbox 3780 1971 4140 2047; x_wconf 89' lang='lat' dir='ltr'>obeliscus</span> <span class='ocrx_word' id='word_1_166' title='bbox 4173 1973 4265 2047; x_wconf 84' lang='lat' dir='ltr'>de</span> 
     </span>
     <span class='ocr_line' id='line_1_17' title="bbox 1497 2068 4269 2171; baseline 0.002 -29"><span class='ocrx_word' id='word_1_167' title='bbox 1497 2071 1836 2171; x_wconf 70' lang='lat' dir='ltr'>jicererur</span> <span class='ocrx_word' id='word_1_168' title='bbox 1865 2126 1886 2159; x_wconf 88' lang='lat'><strong>,</strong></span> <span class='ocrx_word' id='word_1_169' title='bbox 1928 2098 1970 2146; x_wconf 87' lang='lat' dir='ltr'>e</span> <span class='ocrx_word' id='word_1_170' title='bbox 2012 2071 2210 2147; x_wconf 88' lang='lat' dir='ltr'>circo</span> <span class='ocrx_word' id='word_1_171' title='bbox 2239 2068 2600 2146; x_wconf 90' lang='lat' dir='ltr'>Vaticano</span> <span class='ocrx_word' id='word_1_172' title='bbox 2629 2071 2721 2146; x_wconf 91' lang='lat' dir='ltr'>ad</span> <span class='ocrx_word' id='word_1_173' title='bbox 2748 2095 2985 2147; x_wconf 87' lang='lat' dir='ltr'>aream</span> <span class='ocrx_word' id='word_1_174' title='bbox 3021 2074 3337 2148; x_wconf 77' lang='lat' dir='ltr'>ecclesiae</span> <span class='ocrx_word' id='word_1_175' title='bbox 3365 2072 3465 2147; x_wconf 89' lang='lat' dir='ltr'>D.</span> <span class='ocrx_word' id='word_1_176' title='bbox 3510 2073 3701 2148; x_wconf 90' lang='lat' dir='ltr'>Petri</span> <span class='ocrx_word' id='word_1_177' title='bbox 3745 2072 4125 2147; x_wconf 90' lang='lat' dir='ltr'>duceretur</span> <span class='ocrx_word' id='word_1_178' title='bbox 4148 2130 4169 2161; x_wconf 89' lang='lat'>‚</span> <span class='ocrx_word' id='word_1_179' title='bbox 4193 2079 4269 2148; x_wconf 62' lang='lat' dir='ltr'>&amp;a</span> 
     </span>
     <span class='ocr_line' id='line_1_18' title="bbox 1503 2169 4272 2271; baseline 0.001 -28"><span class='ocrx_word' id='word_1_180' title='bbox 1503 2170 1974 2245; x_wconf 84' lang='lat' dir='ltr'>extolleretur</span> <span class='ocrx_word' id='word_1_181' title='bbox 2000 2199 2020 2246; x_wconf 75' lang='grc' dir='ltr'>ε</span> <span class='ocrx_word' id='word_1_182' title='bbox 2048 2192 2350 2271; x_wconf 88' lang='lat' dir='ltr'>totaque</span> <span class='ocrx_word' id='word_1_183' title='bbox 2370 2169 2603 2246; x_wconf 85' lang='lat' dir='ltr'>moles</span> <span class='ocrx_word' id='word_1_184' title='bbox 2628 2194 2745 2247; x_wconf 93' lang='lat' dir='ltr'>tot</span> <span class='ocrx_word' id='word_1_185' title='bbox 2759 2171 3077 2247; x_wconf 85' lang='lat' dir='ltr'>materiis</span> <span class='ocrx_word' id='word_1_186' title='bbox 3101 2229 3120 2260; x_wconf 92' lang='lat'>‚</span> <span class='ocrx_word' id='word_1_187' title='bbox 3147 2173 3394 2247; x_wconf 86' lang='lat' dir='ltr'>ferreis</span> <span class='ocrx_word' id='word_1_188' title='bbox 3424 2172 3730 2247; x_wconf 85' lang='lat' dir='ltr'>vinculis</span> <span class='ocrx_word' id='word_1_189' title='bbox 3756 2227 3777 2261; x_wconf 92' lang='lat'><strong>,</strong></span> <span class='ocrx_word' id='word_1_190' title='bbox 3802 2172 4099 2246; x_wconf 79' lang='lat' dir='ltr'>funibus</span> <span class='ocrx_word' id='word_1_191' title='bbox 4119 2229 4147 2261; x_wconf 79' lang='grc'><em>,</em></span> <span class='ocrx_word' id='word_1_192' title='bbox 4171 2197 4272 2247; x_wconf 83' lang='lat' dir='ltr'>ne</span> 
     </span>
     <span class='ocr_line' id='line_1_19' title="bbox 1499 2269 4268 2368; baseline 0.001 -24"><span class='ocrx_word' id='word_1_193' title='bbox 1499 2269 1883 2344; x_wconf 77' lang='lat' dir='ltr'>laederetur</span> <span class='ocrx_word' id='word_1_194' title='bbox 1909 2324 1932 2356; x_wconf 90' lang='lat'>‚</span> <span class='ocrx_word' id='word_1_195' title='bbox 1985 2274 2356 2368; x_wconf 60' lang='lat' dir='ltr'>compaffa</span> <span class='ocrx_word' id='word_1_196' title='bbox 2388 2269 2490 2343; x_wconf 89' lang='lat' dir='ltr'>est</span> <span class='ocrx_word' id='word_1_197' title='bbox 2518 2324 2539 2356; x_wconf 90' lang='lat'>‚</span> <span class='ocrx_word' id='word_1_198' title='bbox 2586 2291 2668 2340; x_wconf 90' lang='lat' dir='ltr'>ut</span> <span class='ocrx_word' id='word_1_199' title='bbox 2692 2324 2712 2358; x_wconf 90' lang='lat'>,</span> <span class='ocrx_word' id='word_1_200' title='bbox 2769 2270 2940 2340; x_wconf 72' lang='lat' dir='ltr'>cum</span> <span class='ocrx_word' id='word_1_201' title='bbox 2972 2271 3426 2343; x_wconf 83' lang='lat' dir='ltr'>attolleretur</span> <span class='ocrx_word' id='word_1_202' title='bbox 3453 2324 3472 2356; x_wconf 89' lang='lat'><strong>,</strong></span> <span class='ocrx_word' id='word_1_203' title='bbox 3509 2270 3847 2342; x_wconf 84' lang='lat' dir='ltr'>aestimata</span> <span class='ocrx_word' id='word_1_204' title='bbox 3883 2269 3966 2343; x_wconf 87' lang='lat' dir='ltr'>fit</span> <span class='ocrx_word' id='word_1_205' title='bbox 4002 2270 4268 2367; x_wconf 93' lang='lat' dir='ltr'>pondo</span> 
     </span>
     <span class='ocr_line' id='line_1_20' title="bbox 1507 2365 4273 2538; baseline -0.001 -93"><span class='ocrx_word' id='word_1_206' title='bbox 1507 2391 1951 2468; x_wconf 79' lang='lat' dir='ltr'>1,o43,537.</span> <span class='ocrx_word' id='word_1_207' title='bbox 1999 2369 2312 2462; x_wconf 86' lang='lat' dir='ltr'>Quantae</span> <span class='ocrx_word' id='word_1_208' title='bbox 2359 2368 2535 2466; x_wconf 76' lang='lat' dir='ltr'>ergo</span> <span class='ocrx_word' id='word_1_209' title='bbox 2565 2420 2584 2452; x_wconf 90' lang='lat'><strong>,</strong></span> <span class='ocrx_word' id='word_1_210' title='bbox 2632 2365 2820 2441; x_wconf 89' lang='lat' dir='ltr'>Caio</span> <span class='ocrx_word' id='word_1_211' title='bbox 2871 2365 3205 2538; x_wconf 73' lang='lat' dir='ltr'>Principe</span> <span class='ocrx_word' id='word_1_212' title='bbox 3237 2423 3257 2456; x_wconf 90' lang='lat'><strong>,</strong></span> <span class='ocrx_word' id='word_1_213' title='bbox 3306 2366 3504 2440; x_wconf 63' lang='lat' dir='ltr'>factae</span> <span class='ocrx_word' id='word_1_214' title='bbox 3555 2366 3717 2439; x_wconf 92' lang='lat' dir='ltr'>sunt</span> <span class='ocrx_word' id='word_1_215' title='bbox 3787 2368 4131 2467; x_wconf 84' lang='lat' dir='ltr'>impensae</span> <span class='ocrx_word' id='word_1_216' title='bbox 4183 2390 4273 2442; x_wconf 89' lang='lat' dir='ltr'>ut</span> 
     </span>
     <span class='ocr_line' id='line_1_21' title="bbox 1469 2464 4272 2565; baseline 0 -23"><span class='ocrx_word' id='word_1_217' title='bbox 1469 2466 1858 2542; x_wconf 71' lang='lat' dir='ltr'>&#39;obeliscus</span> <span class='ocrx_word' id='word_1_218' title='bbox 1895 2464 2019 2538; x_wconf 89' lang='lat' dir='ltr'>ille</span> <span class='ocrx_word' id='word_1_219' title='bbox 2066 2489 2154 2538; x_wconf 88' lang='lat' dir='ltr'>ex</span> <span class='ocrx_word' id='word_1_220' title='bbox 2195 2466 2518 2565; x_wconf 86' lang='lat' dir='ltr'>AEgypto</span> <span class='ocrx_word' id='word_1_221' title='bbox 2561 2464 2977 2557; x_wconf 89' lang='lat' dir='ltr'>efferretur,</span> <span class='ocrx_word' id='word_1_222' title='bbox 3013 2465 3113 2539; x_wconf 94' lang='lat' dir='ltr'>Ni</span> <span class='ocrx_word' id='word_1_223' title='bbox 3147 2492 3195 2541; x_wconf 95' lang='lat' dir='ltr'>o</span> <span class='ocrx_word' id='word_1_224' title='bbox 3220 2465 3524 2542; x_wconf 85' lang='lat' dir='ltr'>navibus</span> <span class='ocrx_word' id='word_1_225' title='bbox 3568 2465 4087 2541; x_wconf 87' lang='lat' dir='ltr'>subveheretur</span> <span class='ocrx_word' id='word_1_226' title='bbox 4117 2521 4138 2555; x_wconf 94' lang='lat'><strong>,</strong></span> <span class='ocrx_word' id='word_1_227' title='bbox 4190 2468 4272 2543; x_wconf 88' lang='lat' dir='ltr'>in</span> 
     </span>
     <span class='ocr_line' id='line_1_22' title="bbox 1498 2563 4270 2663; baseline 0 -24"><span class='ocrx_word' id='word_1_228' title='bbox 1498 2564 1904 2639; x_wconf 90' lang='lat' dir='ltr'>admirabili</span> <span class='ocrx_word' id='word_1_229' title='bbox 1956 2564 2121 2636; x_wconf 88' lang='lat' dir='ltr'>Caii</span> <span class='ocrx_word' id='word_1_230' title='bbox 2161 2588 2349 2639; x_wconf 87' lang='lat' dir='ltr'>nave</span> <span class='ocrx_word' id='word_1_231' title='bbox 2407 2563 2900 2639; x_wconf 87' lang='lat' dir='ltr'>collocaretur</span> <span class='ocrx_word' id='word_1_232' title='bbox 2930 2625 2949 2652; x_wconf 89' lang='lat'>,</span> <span class='ocrx_word' id='word_1_233' title='bbox 3000 2590 3132 2663; x_wconf 90' lang='lat' dir='ltr'>per</span> <span class='ocrx_word' id='word_1_234' title='bbox 3180 2590 3373 2638; x_wconf 90' lang='lat' dir='ltr'>mare</span> <span class='ocrx_word' id='word_1_235' title='bbox 3423 2564 3819 2639; x_wconf 87' lang='lat' dir='ltr'>deferretur</span> <span class='ocrx_word' id='word_1_236' title='bbox 3848 2619 3867 2651; x_wconf 91' lang='lat'><strong>,</strong></span> <span class='ocrx_word' id='word_1_237' title='bbox 3915 2564 4087 2639; x_wconf 89' lang='lat' dir='ltr'>inde</span> <span class='ocrx_word' id='word_1_238' title='bbox 4131 2591 4270 2640; x_wconf 88' lang='lat' dir='ltr'>no-</span> 
     </span>
     <span class='ocr_line' id='line_1_23' title="bbox 1495 2662 4271 2760; baseline -0.001 -20"><span class='ocrx_word' id='word_1_239' title='bbox 1495 2665 1607 2740; x_wconf 86' lang='lat' dir='ltr'>vis</span> <span class='ocrx_word' id='word_1_240' title='bbox 1632 2663 1938 2737; x_wconf 89' lang='lat' dir='ltr'>navibus</span> <span class='ocrx_word' id='word_1_241' title='bbox 1960 2662 2216 2736; x_wconf 91' lang='lat' dir='ltr'>Tiberi</span> <span class='ocrx_word' id='word_1_242' title='bbox 2239 2662 2608 2760; x_wconf 74' lang='lat' dir='ltr'>impolitus</span> <span class='ocrx_word' id='word_1_243' title='bbox 2651 2664 2962 2737; x_wconf 91' lang='lat' dir='ltr'>Romam</span> <span class='ocrx_word' id='word_1_244' title='bbox 3000 2663 3384 2738; x_wconf 85' lang='lat' dir='ltr'>duceretur</span> <span class='ocrx_word' id='word_1_245' title='bbox 3410 2717 3430 2751; x_wconf 92' lang='lat'><strong>,</strong></span> <span class='ocrx_word' id='word_1_246' title='bbox 3468 2663 3699 2741; x_wconf 80' lang='lat' dir='ltr'>rursus</span> <span class='ocrx_word' id='word_1_247' title='bbox 3729 2663 4271 2755; x_wconf 83' lang='lat' dir='ltr'>extraheretur;</span> 
     </span>
     <span class='ocr_line' id='line_1_24' title="bbox 1500 2759 4266 2864; baseline -0 -25"><span class='ocrx_word' id='word_1_248' title='bbox 1500 2770 1606 2853; x_wconf 75' lang='grc' dir='ltr'>δε,</span> <span class='ocrx_word' id='word_1_249' title='bbox 1635 2762 1757 2837; x_wconf 92' lang='lat' dir='ltr'>vel</span> <span class='ocrx_word' id='word_1_250' title='bbox 1777 2761 1869 2836; x_wconf 95' lang='lat' dir='ltr'>ad</span> <span class='ocrx_word' id='word_1_251' title='bbox 1896 2760 2124 2859; x_wconf 86' lang='lat' dir='ltr'>ripam</span> <span class='ocrx_word' id='word_1_252' title='bbox 2152 2761 2370 2835; x_wconf 79' lang='lat' dir='ltr'>circo‘</span> <span class='ocrx_word' id='word_1_253' title='bbox 2389 2760 2747 2836; x_wconf 84' lang='lat' dir='ltr'>Vaticano</span> <span class='ocrx_word' id='word_1_254' title='bbox 2766 2759 3197 2859; x_wconf 90' lang='lat' dir='ltr'>propiorem</span> <span class='ocrx_word' id='word_1_255' title='bbox 3218 2760 3509 2837; x_wconf 71' lang='lat' dir='ltr'>edustus</span> <span class='ocrx_word' id='word_1_256' title='bbox 3535 2817 3556 2851; x_wconf 93' lang='lat'><strong>,</strong></span> <span class='ocrx_word' id='word_1_257' title='bbox 3579 2761 3671 2834; x_wconf 93' lang='lat' dir='ltr'>ad</span> <span class='ocrx_word' id='word_1_258' title='bbox 3708 2760 3935 2862; x_wconf 89' lang='lat' dir='ltr'>duplo</span> <span class='ocrx_word' id='word_1_259' title='bbox 3972 2762 4266 2864; x_wconf 80' lang='lat' dir='ltr'>longius</span> 
     </span>
     <span class='ocr_line' id='line_1_25' title="bbox 1449 2859 4264 2963; baseline -0.001 -25"><span class='ocrx_word' id='word_1_260' title='bbox 1449 2875 1452 2880; x_wconf 85' lang='lat'>&#39;</span> <span class='ocrx_word' id='word_1_261' title='bbox 1497 2863 1805 2962; x_wconf 86' lang='lat' dir='ltr'>spatium</span> <span class='ocrx_word' id='word_1_262' title='bbox 1832 2916 1851 2949; x_wconf 92' lang='lat'><strong>,</strong></span> <span class='ocrx_word' id='word_1_263' title='bbox 1898 2861 2111 2960; x_wconf 75' lang='lat' dir='ltr'>quam</span> <span class='ocrx_word' id='word_1_264' title='bbox 2137 2886 2287 2960; x_wconf 88' lang='lat' dir='ltr'>quo</span> <span class='ocrx_word' id='word_1_265' title='bbox 2308 2859 2544 2933; x_wconf 86' lang='lat' dir='ltr'>Sixtus</span> <span class='ocrx_word' id='word_1_266' title='bbox 2566 2859 2644 2938; x_wconf 73' lang='lat' dir='ltr'>rV</span> <span class='ocrx_word' id='word_1_267' title='bbox 2680 2859 2982 2934; x_wconf 89' lang='lat' dir='ltr'>duxerat</span> <span class='ocrx_word' id='word_1_268' title='bbox 3007 2861 3446 2949; x_wconf 84' lang='lat' dir='ltr'>,traheretur</span> <span class='ocrx_word' id='word_1_269' title='bbox 3477 2917 3498 2951; x_wconf 94' lang='lat'><strong>,</strong></span> <span class='ocrx_word' id='word_1_270' title='bbox 3521 2886 3613 2938; x_wconf 85' lang='lat' dir='ltr'>ac</span> <span class='ocrx_word' id='word_1_271' title='bbox 3632 2861 3921 2935; x_wconf 90' lang='lat' dir='ltr'>demum</span> <span class='ocrx_word' id='word_1_272' title='bbox 3954 2875 4264 2963; x_wconf 75' lang='lat' dir='ltr'>quatuor</span> 
     </span>
     <span class='ocr_line' id='line_1_26' title="bbox 1497 2958 4266 3062; baseline 0.001 -26"><span class='ocrx_word' id='word_1_273' title='bbox 1497 2961 1768 3038; x_wconf 87' lang='lat' dir='ltr'>truncis</span> <span class='ocrx_word' id='word_1_274' title='bbox 1823 2958 2235 3059; x_wconf 84' lang='lat' dir='ltr'>lapidibus,</span> <span class='ocrx_word' id='word_1_275' title='bbox 2283 2959 2552 3059; x_wconf 90' lang='lat' dir='ltr'>pariter</span> <span class='ocrx_word' id='word_1_276' title='bbox 2596 2984 2685 3033; x_wconf 88' lang='lat' dir='ltr'>ex</span> <span class='ocrx_word' id='word_1_277' title='bbox 2750 2961 3080 3059; x_wconf 89' lang='lat' dir='ltr'>AEgypto</span> <span class='ocrx_word' id='word_1_278' title='bbox 3144 2960 3462 3039; x_wconf 57' lang='lat' dir='ltr'>advertis</span> <span class='ocrx_word' id='word_1_279' title='bbox 3505 2961 4266 3062; x_wconf 84' lang='lat' dir='ltr'>superimponeretur!</span> 
     </span>
     <span class='ocr_line' id='line_1_27' title="bbox 1497 3058 4265 3163; baseline -0.001 -24"><span class='ocrx_word' id='word_1_280' title='bbox 1497 3065 1595 3140; x_wconf 82' lang='lat' dir='ltr'>Et</span> <span class='ocrx_word' id='word_1_281' title='bbox 1635 3063 1803 3136; x_wconf 78' lang='lat' dir='ltr'>cum</span> <span class='ocrx_word' id='word_1_282' title='bbox 1841 3059 2001 3133; x_wconf 83' lang='lat' dir='ltr'>haec</span> <span class='ocrx_word' id='word_1_283' title='bbox 2037 3058 2116 3132; x_wconf 92' lang='lat' dir='ltr'>in</span> <span class='ocrx_word' id='word_1_284' title='bbox 2157 3085 2309 3156; x_wconf 89' lang='lat' dir='ltr'>uno</span> <span class='ocrx_word' id='word_1_285' title='bbox 2361 3058 2689 3134; x_wconf 91' lang='lat' dir='ltr'>obelisco</span> <span class='ocrx_word' id='word_1_286' title='bbox 2724 3059 3060 3134; x_wconf 85' lang='lat' dir='ltr'>miramur</span> <span class='ocrx_word' id='word_1_287' title='bbox 3088 3117 3109 3150; x_wconf 88' lang='lat'><strong>,</strong></span> <span class='ocrx_word' id='word_1_288' title='bbox 3154 3059 3333 3163; x_wconf 92' lang='lat' dir='ltr'>quid</span> <span class='ocrx_word' id='word_1_289' title='bbox 3367 3060 3415 3134; x_wconf 86' lang='lat' dir='ltr'>fi</span> <span class='ocrx_word' id='word_1_290' title='bbox 3449 3061 3852 3163; x_wconf 85' lang='lat' dir='ltr'>cogitemus</span> <span class='ocrx_word' id='word_1_291' title='bbox 3882 3061 4083 3137; x_wconf 89' lang='lat' dir='ltr'>fuisse</span> <span class='ocrx_word' id='word_1_292' title='bbox 4113 3060 4265 3137; x_wconf 84' lang='lat' dir='ltr'>Ro-</span> 
     </span>
     <span class='ocr_line' id='line_1_28' title="bbox 1499 3159 4265 3333; baseline -0.001 -95"><span class='ocrx_word' id='word_1_293' title='bbox 1499 3187 1635 3238; x_wconf 75' lang='lat' dir='ltr'>mae</span> <span class='ocrx_word' id='word_1_294' title='bbox 1682 3160 1803 3235; x_wconf 90' lang='lat' dir='ltr'>sex</span> <span class='ocrx_word' id='word_1_295' title='bbox 1842 3184 2143 3260; x_wconf 85' lang='lat' dir='ltr'>magnos</span> <span class='ocrx_word' id='word_1_296' title='bbox 2190 3159 2556 3233; x_wconf 84' lang='lat' dir='ltr'>obeliscos</span> <span class='ocrx_word' id='word_1_297' title='bbox 2586 3215 2606 3247; x_wconf 89' lang='lat'><strong>,</strong></span> <span class='ocrx_word' id='word_1_298' title='bbox 2652 3166 2724 3237; x_wconf 66' lang='lat' dir='ltr'>ec</span> <span class='ocrx_word' id='word_1_299' title='bbox 2776 3184 3041 3258; x_wconf 88' lang='lat' dir='ltr'>parvos</span> <span class='ocrx_word' id='word_1_300' title='bbox 3065 3160 3557 3333; x_wconf 63' lang='lat' dir='ltr'>ssuadmgima</span> <span class='ocrx_word' id='word_1_301' title='bbox 3603 3161 3788 3235; x_wconf 83' lang='lat' dir='ltr'>duos</span> <span class='ocrx_word' id='word_1_302' title='bbox 3817 3217 3836 3250; x_wconf 92' lang='lat'><strong>,</strong></span> <span class='ocrx_word' id='word_1_303' title='bbox 3889 3161 4063 3237; x_wconf 87' lang='lat' dir='ltr'>teste</span> <span class='ocrx_word' id='word_1_304' title='bbox 4099 3162 4265 3238; x_wconf 88' lang='lat' dir='ltr'>Vic-</span> 
     </span>
     <span class='ocr_line' id='line_1_29' title="bbox 1498 3257 4263 3363; baseline -0.001 -27"><span class='ocrx_word' id='word_1_305' title='bbox 1498 3283 1662 3337; x_wconf 84' lang='lat' dir='ltr'>tore</span> <span class='ocrx_word' id='word_1_306' title='bbox 1688 3317 1708 3348; x_wconf 92' lang='lat'>‚</span> <span class='ocrx_word' id='word_1_307' title='bbox 1760 3258 1851 3335; x_wconf 89' lang='lat' dir='ltr'>de</span> <span class='ocrx_word' id='word_1_308' title='bbox 1908 3258 2361 3359; x_wconf 88' lang='lat' dir='ltr'>Regionibus</span> <span class='ocrx_word' id='word_1_309' title='bbox 2400 3257 2623 3349; x_wconf 82' lang='lat' dir='ltr'>Urbis</span> <span class='ocrx_word' id='word_1_310' title='bbox 2650 3271 2684 3331; x_wconf 83' lang='lat'><em>?</em></span> <span class='ocrx_word' id='word_1_311' title='bbox 2731 3257 2994 3338; x_wconf 79' lang='lat' dir='ltr'>Praeter</span> <span class='ocrx_word' id='word_1_312' title='bbox 3143 3260 3543 3344; x_wconf 86' lang='lat' dir='ltr'>ominicum</span> <span class='ocrx_word' id='word_1_313' title='bbox 3594 3258 4001 3335; x_wconf 88' lang='lat' dir='ltr'>Fontanam</span> <span class='ocrx_word' id='word_1_314' title='bbox 4045 3317 4067 3353; x_wconf 90' lang='lat'><strong>,</strong></span> <span class='ocrx_word' id='word_1_315' title='bbox 4134 3261 4263 3363; x_wconf 89' lang='lat' dir='ltr'>qui</span> 
     </span>
     <span class='ocr_line' id='line_1_30' title="bbox 1498 3357 4267 3471; baseline -0 -36"><span class='ocrx_word' id='word_1_316' title='bbox 1498 3359 1874 3461; x_wconf 87' lang='lat' dir='ltr'>egregium</span> <span class='ocrx_word' id='word_1_317' title='bbox 1904 3383 2088 3471; x_wconf 87' lang='lat' dir='ltr'>opus</span> <span class='ocrx_word' id='word_1_318' title='bbox 2115 3357 2385 3457; x_wconf 81' lang='lat' dir='ltr'>scripsit</span> <span class='ocrx_word' id='word_1_319' title='bbox 2412 3413 2434 3446; x_wconf 90' lang='lat'>‚</span> <span class='ocrx_word' id='word_1_320' title='bbox 2471 3360 2647 3433; x_wconf 84' lang='lat' dir='ltr'>della</span> <span class='ocrx_word' id='word_1_321' title='bbox 2683 3359 3193 3455; x_wconf 87' lang='lat' dir='ltr'>Trasportatione</span> <span class='ocrx_word' id='word_1_322' title='bbox 3224 3362 3373 3434; x_wconf 85' lang='lat' dir='ltr'>dell’</span> <span class='ocrx_word' id='word_1_323' title='bbox 3425 3362 3709 3457; x_wconf 84' lang='lat' dir='ltr'>Obelisco</span> <span class='ocrx_word' id='word_1_324' title='bbox 3742 3364 4051 3435; x_wconf 87' lang='lat' dir='ltr'>Vaticano</span> <span class='ocrx_word' id='word_1_325' title='bbox 4074 3415 4095 3449; x_wconf 88' lang='lat'><strong>,</strong></span> <span class='ocrx_word' id='word_1_326' title='bbox 4144 3361 4267 3437; x_wconf 89' lang='lat' dir='ltr'>vi·-</span> 
     </span>
     <span class='ocr_line' id='line_1_31' title="bbox 1500 3458 4264 3557; baseline -0.001 -24"><span class='ocrx_word' id='word_1_327' title='bbox 1500 3459 1592 3534; x_wconf 89' lang='lat' dir='ltr'>de</span> <span class='ocrx_word' id='word_1_328' title='bbox 1648 3458 2031 3546; x_wconf 80' lang='lat' dir='ltr'>Bonanni,</span> <span class='ocrx_word' id='word_1_329' title='bbox 2099 3462 2510 3554; x_wconf 83' lang='lat' dir='ltr'>Numismata</span> <span class='ocrx_word' id='word_1_330' title='bbox 2547 3461 2949 3537; x_wconf 75' lang='lat' dir='ltr'>Summarum</span> <span class='ocrx_word' id='word_1_331' title='bbox 2997 3460 3385 3557; x_wconf 83' lang='lat' dir='ltr'>Pontificum</span> <span class='ocrx_word' id='word_1_332' title='bbox 3416 3463 3636 3556; x_wconf 86' lang='lat' dir='ltr'>templi</span> <span class='ocrx_word' id='word_1_333' title='bbox 3680 3463 3979 3534; x_wconf 88' lang='lat' dir='ltr'>Vaticani</span> <span class='ocrx_word' id='word_1_334' title='bbox 4031 3461 4264 3555; x_wconf 83' lang='lat' dir='ltr'>fabri-.-</span> 
     </span>
     <span class='ocr_line' id='line_1_32' title="bbox 1499 3556 4258 3662; baseline 0.001 -32"><span class='ocrx_word' id='word_1_335' title='bbox 1499 3586 1641 3630; x_wconf 87' lang='lat' dir='ltr'>cam</span> <span class='ocrx_word' id='word_1_336' title='bbox 1671 3558 2023 3631; x_wconf 78' lang='lat' dir='ltr'>indicantia</span> <span class='ocrx_word' id='word_1_337' title='bbox 2050 3612 2070 3645; x_wconf 90' lang='lat'>,</span> <span class='ocrx_word' id='word_1_338' title='bbox 2120 3582 2279 3659; x_wconf 88' lang='lat' dir='ltr'>cap.</span> <span class='ocrx_word' id='word_1_339' title='bbox 2339 3582 2461 3658; x_wconf 73' lang='lat'>33.</span> <span class='ocrx_word' id='word_1_340' title='bbox 2500 3564 2570 3632; x_wconf 90' lang='lat'>&amp;</span> <span class='ocrx_word' id='word_1_341' title='bbox 2599 3556 2905 3654; x_wconf 86' lang='lat' dir='ltr'>Castelli,</span> <span class='ocrx_word' id='word_1_342' title='bbox 2951 3586 2988 3640; x_wconf 75' lang='lat' dir='ltr'>e¹</span> <span class='ocrx_word' id='word_1_343' title='bbox 3008 3560 3201 3632; x_wconf 87' lang='lat' dir='ltr'>Ponti</span> <span class='ocrx_word' id='word_1_344' title='bbox 3247 3563 3315 3634; x_wconf 84' lang='lat' dir='ltr'>di</span> <span class='ocrx_word' id='word_1_345' title='bbox 3356 3560 3639 3657; x_wconf 72' lang='lat' dir='ltr'>Maesti-o</span> <span class='ocrx_word' id='word_1_346' title='bbox 3683 3563 3954 3633; x_wconf 83' lang='lat' dir='ltr'>Niccola</span> <span class='ocrx_word' id='word_1_347' title='bbox 3997 3562 4258 3662; x_wconf 87' lang='lat' dir='ltr'>Zabag-</span> 
     </span>
     <span class='ocr_line' id='line_1_33' title="bbox 1501 3656 4262 3757; baseline 0 -25"><span class='ocrx_word' id='word_1_348' title='bbox 1501 3661 1596 3732; x_wconf 88' lang='lat' dir='ltr'>lia</span> <span class='ocrx_word' id='word_1_349' title='bbox 1636 3682 1749 3730; x_wconf 86' lang='lat' dir='ltr'>con</span> <span class='ocrx_word' id='word_1_350' title='bbox 1820 3659 1887 3728; x_wconf 88' lang='lat' dir='ltr'>la</span> <span class='ocrx_word' id='word_1_351' title='bbox 1930 3656 2305 3751; x_wconf 59' lang='lat' dir='ltr'>descrizione</span> <span class='ocrx_word' id='word_1_352' title='bbox 2349 3659 2452 3731; x_wconf 88' lang='lat' dir='ltr'>del</span> <span class='ocrx_word' id='word_1_353' title='bbox 2500 3658 2814 3752; x_wconf 77' lang='lat' dir='ltr'>traJporto</span> <span class='ocrx_word' id='word_1_354' title='bbox 2868 3656 3019 3729; x_wconf 86' lang='lat' dir='ltr'>dell’</span> <span class='ocrx_word' id='word_1_355' title='bbox 3051 3662 3374 3757; x_wconf 83' lang='lat' dir='ltr'>·Obelisco</span> <span class='ocrx_word' id='word_1_356' title='bbox 3420 3663 3732 3735; x_wconf 88' lang='lat' dir='ltr'>Vaticano</span> <span class='ocrx_word' id='word_1_357' title='bbox 3773 3660 3877 3732; x_wconf 86' lang='lat' dir='ltr'>del</span> <span class='ocrx_word' id='word_1_358' title='bbox 3920 3663 4262 3734; x_wconf 77' lang='lat' dir='ltr'>Cavaliere</span> 
     </span>
     <span class='ocr_line' id='line_1_34' title="bbox 1495 3755 4254 3861; baseline 0.003 -31"><span class='ocrx_word' id='word_1_359' title='bbox 1495 3760 1846 3830; x_wconf 78' lang='lat' dir='ltr'>Domenico</span> <span class='ocrx_word' id='word_1_360' title='bbox 1914 3757 2229 3832; x_wconf 87' lang='lat' dir='ltr'>Fontana.</span> <span class='ocrx_word' id='word_1_361' title='bbox 2290 3758 2380 3831; x_wconf 93' lang='lat' dir='ltr'>In</span> <span class='ocrx_word' id='word_1_362' title='bbox 2431 3755 2688 3835; x_wconf 85' lang='lat' dir='ltr'>Roma.</span> <span class='ocrx_word' id='word_1_363' title='bbox 2751 3755 3161 3861; x_wconf 86' lang='lat' dir='ltr'>Pagliarini.</span> <span class='ocrx_word' id='word_1_364' title='bbox 3223 3782 3453 3858; x_wconf 72' lang='lat'><strong>1743·</strong></span> <span class='ocrx_word' id='word_1_365' title='bbox 3501 3758 3692 3836; x_wconf 89' lang='lat' dir='ltr'>Tab.</span> <span class='ocrx_word' id='word_1_366' title='bbox 3738 3762 3845 3858; x_wconf 82' lang='lat'>38</span> <span class='ocrx_word' id='word_1_367' title='bbox 3891 3764 3962 3835; x_wconf 75' lang='grc' dir='ltr'>δε</span> <span class='ocrx_word' id='word_1_368' title='bbox 3996 3776 4138 3856; x_wconf 59' lang='lat'>40.</span> <span class='ocrx_word' id='word_1_369' title='bbox 4183 3765 4254 3837; x_wconf 71' lang='grc' dir='ltr'>δε</span> 
     </span>
    </p>
   </div>
   <div class='ocr_carea' id='block_1_5' title="bbox 1479 3857 4257 4943">
    <p class='ocr_par' dir='ltr' id='par_1_6' title="bbox 1495 3857 1693 3931">
     <span class='ocr_line' id='line_1_35' title="bbox 1495 3857 1693 3931; baseline 0.005 -1"><span class='ocrx_word' id='word_1_370' title='bbox 1495 3857 1568 3930; x_wconf 86' lang='lat' dir='ltr'>se</span> <span class='ocrx_word' id='word_1_371' title='bbox 1674 3912 1693 3931; x_wconf 91' lang='lat'><strong>.</strong></span> 
     </span>
    </p>

    <p class='ocr_par' dir='ltr' id='par_1_7' title="bbox 1479 3884 4257 4943">
     <span class='ocr_line' id='line_1_36' title="bbox 1575 3884 4253 4059; baseline 0.001 -31"><span class='ocrx_word' id='word_1_372' title='bbox 1575 3884 1711 4028; x_wconf 53' lang='grc' dir='ltr'>Ἧι</span> <span class='ocrx_word' id='word_1_373' title='bbox 1756 3952 1980 4052; x_wconf 89' lang='lat' dir='ltr'>magis</span> <span class='ocrx_word' id='word_1_374' title='bbox 2027 3951 2264 4030; x_wconf 89' lang='lat' dir='ltr'>adhuc</span> <span class='ocrx_word' id='word_1_375' title='bbox 2302 3956 2779 4058; x_wconf 79' lang='lat' dir='ltr'>perspiciatur</span> <span class='ocrx_word' id='word_1_376' title='bbox 2827 3972 3096 4059; x_wconf 85' lang='lat' dir='ltr'>quanta</span> <span class='ocrx_word' id='word_1_377' title='bbox 3131 3960 3348 4035; x_wconf 86' lang='lat' dir='ltr'>fuerit</span> <span class='ocrx_word' id='word_1_378' title='bbox 3396 3959 3556 4033; x_wconf 89' lang='lat' dir='ltr'>Caii</span> <span class='ocrx_word' id='word_1_379' title='bbox 3605 3955 3849 4044; x_wconf 69' lang='lat' dir='ltr'>navi2‚</span> <span class='ocrx_word' id='word_1_380' title='bbox 3907 3956 4253 4032; x_wconf 82' lang='lat' dir='ltr'>observa-</span> 
     </span>
     <span class='ocr_line' id='line_1_37' title="bbox 1495 4050 4257 4172; baseline 0.001 -43"><span class='ocrx_word' id='word_1_381' title='bbox 1495 4052 1727 4129; x_wconf 89' lang='lat' dir='ltr'>verim</span> <span class='ocrx_word' id='word_1_382' title='bbox 1751 4050 2109 4124; x_wconf 87' lang='lat' dir='ltr'>minorem</span> <span class='ocrx_word' id='word_1_383' title='bbox 2135 4051 2334 4131; x_wconf 84' lang='lat' dir='ltr'>fuiffe</span> <span class='ocrx_word' id='word_1_384' title='bbox 2366 4112 2387 4146; x_wconf 94' lang='lat'><strong>,</strong></span> <span class='ocrx_word' id='word_1_385' title='bbox 2415 4057 2797 4131; x_wconf 88' lang='lat' dir='ltr'>maximam</span> <span class='ocrx_word' id='word_1_386' title='bbox 2830 4079 3107 4147; x_wconf 90' lang='lat' dir='ltr'>tamen,</span> <span class='ocrx_word' id='word_1_387' title='bbox 3145 4085 3404 4135; x_wconf 88' lang='lat' dir='ltr'>navem</span> <span class='ocrx_word' id='word_1_388' title='bbox 3437 4116 3455 4147; x_wconf 89' lang='lat'>‚</span> <span class='ocrx_word' id='word_1_389' title='bbox 3511 4059 3653 4172; x_wconf 74' lang='lat' dir='ltr'>qua</span> <span class='ocrx_word' id='word_1_390' title='bbox 3683 4054 4035 4156; x_wconf 87' lang='lat' dir='ltr'>Augustus</span> <span class='ocrx_word' id='word_1_391' title='bbox 4071 4057 4257 4132; x_wconf 81' lang='lat' dir='ltr'>obe-</span> 
     </span>
     <span class='ocr_line' id='line_1_38' title="bbox 1497 4148 4251 4233; baseline 0.001 -5"><span class='ocrx_word' id='word_1_392' title='bbox 1497 4153 1751 4228; x_wconf 88' lang='lat' dir='ltr'>liscum</span> <span class='ocrx_word' id='word_1_393' title='bbox 1795 4149 1960 4222; x_wconf 73' lang='lat' dir='ltr'>ant&#39;e</span> <span class='ocrx_word' id='word_1_394' title='bbox 2012 4148 2423 4232; x_wconf 86' lang='lat' dir='ltr'>advexerat.</span> <span class='ocrx_word' id='word_1_395' title='bbox 2469 4158 2587 4229; x_wconf 90' lang='lat' dir='ltr'>De</span> <span class='ocrx_word' id='word_1_396' title='bbox 2632 4155 2771 4228; x_wconf 89' lang='lat' dir='ltr'>hac</span> <span class='ocrx_word' id='word_1_397' title='bbox 2808 4164 3007 4229; x_wconf 79' lang='lat' dir='ltr'>nave&#39;</span> <span class='ocrx_word' id='word_1_398' title='bbox 3033 4158 3138 4232; x_wconf 90' lang='lat' dir='ltr'>ita</span> <span class='ocrx_word' id='word_1_399' title='bbox 3182 4159 3318 4231; x_wconf 92' lang='lat' dir='ltr'>Ms.</span> <span class='ocrx_word' id='word_1_400' title='bbox 3367 4157 3849 4233; x_wconf 76' lang='lat' dir='ltr'>Bibliothecae</span> <span class='ocrx_word' id='word_1_401' title='bbox 3901 4154 4251 4231; x_wconf 83' lang='lat' dir='ltr'>Caesareae</span> 
     </span>
     <span class='ocr_line' id='line_1_39' title="bbox 1492 4246 4254 4353; baseline 0.002 -28"><span class='ocrx_word' id='word_1_402' title='bbox 1492 4246 2082 4326; x_wconf 86' lang='lat' dir='ltr'>Vindobonenfis</span> <span class='ocrx_word' id='word_1_403' title='bbox 2110 4305 2130 4339; x_wconf 92' lang='lat'>,</span> <span class='ocrx_word' id='word_1_404' title='bbox 2184 4275 2379 4329; x_wconf 91' lang='lat' dir='ltr'>num.</span> <span class='ocrx_word' id='word_1_405' title='bbox 2449 4258 2630 4349; x_wconf 79' lang='lat'>648.</span> <span class='ocrx_word' id='word_1_406' title='bbox 2674 4253 2752 4324; x_wconf 86' lang='lat' dir='ltr'>in</span> <span class='ocrx_word' id='word_1_407' title='bbox 2783 4278 2932 4353; x_wconf 90' lang='lat' dir='ltr'>quo</span> <span class='ocrx_word' id='word_1_408' title='bbox 2958 4260 3236 4349; x_wconf 85' lang='lat' dir='ltr'>Imperia</span> <span class='ocrx_word' id='word_1_409' title='bbox 3278 4258 3593 4353; x_wconf 75' lang='lat' dir='ltr'>Caefhrum</span> <span class='ocrx_word' id='word_1_410' title='bbox 3622 4256 4024 4329; x_wconf 81' lang='lat' dir='ltr'>summatim</span> <span class='ocrx_word' id='word_1_411' title='bbox 4058 4281 4254 4330; x_wconf 87' lang='lat' dir='ltr'>con-</span> 
     </span>
     <span class='ocr_line' id='line_1_40' title="bbox 1494 4349 4255 4452; baseline 0 -26"><span class='ocrx_word' id='word_1_412' title='bbox 1494 4352 1996 4427; x_wconf 83' lang='lat' dir='ltr'>tinentur.Hoo</span> <span class='ocrx_word' id='word_1_413' title='bbox 2017 4353 2404 4445; x_wconf 82' lang='lat' dir='ltr'>Imperatore</span> <span class='ocrx_word' id='word_1_414' title='bbox 2426 4411 2444 4437; x_wconf 87' lang='lat'><strong>,</strong></span> <span class='ocrx_word' id='word_1_415' title='bbox 2476 4349 2802 4451; x_wconf 87' lang='lat' dir='ltr'>Augusto</span> <span class='ocrx_word' id='word_1_416' title='bbox 2830 4358 3077 4451; x_wconf 74' lang='lat' dir='ltr'>‚navis</span> <span class='ocrx_word' id='word_1_417' title='bbox 3112 4358 3566 4429; x_wconf 84' lang='lat' dir='ltr'>Alexandrina</span> <span class='ocrx_word' id='word_1_418' title='bbox 3580 4358 3861 4452; x_wconf 72' lang='lat' dir='ltr'>primtim</span> <span class='ocrx_word' id='word_1_419' title='bbox 3898 4361 3962 4426; x_wconf 87' lang='lat' dir='ltr'>in</span> <span class='ocrx_word' id='word_1_420' title='bbox 3993 4379 4255 4451; x_wconf 84' lang='lat' dir='ltr'>portum</span> 
     </span>
     <span class='ocr_line' id='line_1_41' title="bbox 1485 4451 4250 4554; baseline 0.001 -29"><span class='ocrx_word' id='word_1_421' title='bbox 1485 4456 1864 4525; x_wconf 84' lang='lat' dir='ltr'>Romanum</span> <span class='ocrx_word' id='word_1_422' title='bbox 1898 4453 2196 4522; x_wconf 79' lang='lat' dir='ltr'>introivit</span> <span class='ocrx_word' id='word_1_423' title='bbox 2221 4507 2244 4539; x_wconf 89' lang='lat'>‚</span> <span class='ocrx_word' id='word_1_424' title='bbox 2289 4456 2539 4525; x_wconf 87' lang='lat' dir='ltr'>nomine</span> <span class='ocrx_word' id='word_1_425' title='bbox 2567 4454 2810 4525; x_wconf 77' lang='lat' dir='ltr'>Aratus</span> <span class='ocrx_word' id='word_1_426' title='bbox 2839 4507 2859 4541; x_wconf 93' lang='lat'>,</span> <span class='ocrx_word' id='word_1_427' title='bbox 2905 4451 3098 4528; x_wconf 75' lang='lat' dir='ltr'>forte</span> <span class='ocrx_word' id='word_1_428' title='bbox 3129 4453 3484 4548; x_wconf 80' lang='lat' dir='ltr'>Achate8‚</span> <span class='ocrx_word' id='word_1_429' title='bbox 3520 4483 3658 4554; x_wconf 86' lang='lat' dir='ltr'>quae</span> <span class='ocrx_word' id='word_1_430' title='bbox 3689 4458 3916 4527; x_wconf 85' lang='lat' dir='ltr'>attulit</span> <span class='ocrx_word' id='word_1_431' title='bbox 3931 4457 4250 4552; x_wconf 74' lang='lat' dir='ltr'>frumenti</span> 
     </span>
     <span class='ocr_line' id='line_1_42' title="bbox 1495 4551 4249 4650; baseline 0 -26"><span class='ocrx_word' id='word_1_432' title='bbox 1495 4553 1736 4627; x_wconf 85' lang='lat' dir='ltr'>modias</span> <span class='ocrx_word' id='word_1_433' title='bbox 1771 4577 1936 4623; x_wconf 84' lang='lat' dir='ltr'>cccc</span> <span class='ocrx_word' id='word_1_434' title='bbox 1957 4607 1976 4632; x_wconf 88' lang='lat'>,</span> <span class='ocrx_word' id='word_1_435' title='bbox 2010 4551 2285 4624; x_wconf 68' lang='lat' dir='ltr'>veHores</span> <span class='ocrx_word' id='word_1_436' title='bbox 2322 4583 2470 4626; x_wconf 71' lang='lat' dir='ltr'>mcc</span> <span class='ocrx_word' id='word_1_437' title='bbox 2496 4613 2513 4636; x_wconf 92' lang='lat'>‚</span> <span class='ocrx_word' id='word_1_438' title='bbox 2545 4556 2728 4646; x_wconf 83' lang='lat' dir='ltr'>piper</span> <span class='ocrx_word' id='word_1_439' title='bbox 2752 4605 2773 4639; x_wconf 93' lang='lat'><strong>,</strong></span> <span class='ocrx_word' id='word_1_440' title='bbox 2806 4556 3147 4626; x_wconf 84' lang='lat' dir='ltr'>linteamen</span> <span class='ocrx_word' id='word_1_441' title='bbox 3175 4610 3197 4643; x_wconf 92' lang='lat'>,</span> <span class='ocrx_word' id='word_1_442' title='bbox 3227 4580 3406 4628; x_wconf 87' lang='lat' dir='ltr'>carta</span> <span class='ocrx_word' id='word_1_443' title='bbox 3426 4609 3446 4641; x_wconf 90' lang='lat'>,</span> <span class='ocrx_word' id='word_1_444' title='bbox 3490 4561 3694 4627; x_wconf 77' lang='lat' dir='ltr'>vitria</span> <span class='ocrx_word' id='word_1_445' title='bbox 3740 4556 3816 4627; x_wconf 72' lang='lat' dir='ltr'>fo·</span> <span class='ocrx_word' id='word_1_446' title='bbox 3870 4555 4199 4650; x_wconf 79' lang='lat' dir='ltr'>opolifium</span> <span class='ocrx_word' id='word_1_447' title='bbox 4229 4612 4249 4639; x_wconf 87' lang='lat'>‚</span> 
     </span>
     <span class='ocr_line' id='line_1_43' title="bbox 1493 4649 4250 4754; baseline -0.001 -30"><span class='ocrx_word' id='word_1_448' title='bbox 1493 4649 1781 4748; x_wconf 85' lang='lat' dir='ltr'>corrige</span> <span class='ocrx_word' id='word_1_449' title='bbox 1820 4668 2062 4727; x_wconf 79' lang='lat' dir='ltr'>cartam</span> <span class='ocrx_word' id='word_1_450' title='bbox 2094 4707 2116 4743; x_wconf 90' lang='lat'><strong>,</strong></span> <span class='ocrx_word' id='word_1_451' title='bbox 2160 4676 2423 4754; x_wconf 89' lang='lat' dir='ltr'>nempe</span> <span class='ocrx_word' id='word_1_452' title='bbox 2467 4653 2721 4728; x_wconf 68' lang='lat' dir='ltr'>fastam</span> <span class='ocrx_word' id='word_1_453' title='bbox 2763 4676 2851 4725; x_wconf 91' lang='lat' dir='ltr'>ex</span> <span class='ocrx_word' id='word_1_454' title='bbox 2879 4676 3163 4753; x_wconf 88' lang='lat' dir='ltr'>papyro</span> <span class='ocrx_word' id='word_1_455' title='bbox 3197 4710 3219 4742; x_wconf 90' lang='lat'>,</span> <span class='ocrx_word' id='word_1_456' title='bbox 3251 4659 3465 4728; x_wconf 78' lang='lat' dir='ltr'>vitrea</span> <span class='ocrx_word' id='word_1_457' title='bbox 3492 4707 3514 4743; x_wconf 91' lang='lat'><strong>,</strong></span> <span class='ocrx_word' id='word_1_458' title='bbox 3563 4656 3638 4727; x_wconf 65' lang='grc' dir='ltr'>ἕν’</span> <span class='ocrx_word' id='word_1_459' title='bbox 3691 4654 4017 4748; x_wconf 79' lang='lat' dir='ltr'>obeliscum</span> <span class='ocrx_word' id='word_1_460' title='bbox 4048 4708 4069 4741; x_wconf 90' lang='lat'>‚</span> <span class='ocrx_word' id='word_1_461' title='bbox 4107 4678 4250 4724; x_wconf 82' lang='lat' dir='ltr'>curn</span> 
     </span>
     <span class='ocr_line' id='line_1_44' title="bbox 1479 4747 4252 4941; baseline 0.002 -122"><span class='ocrx_word' id='word_1_462' title='bbox 1479 4751 1608 4847; x_wconf 70' lang='lat' dir='ltr'>suci</span> <span class='ocrx_word' id='word_1_463' title='bbox 1632 4747 1923 4941; x_wconf 45' lang='lat' dir='ltr'>{tinias}</span> <span class='ocrx_word' id='word_1_464' title='bbox 1952 4799 1974 4832; x_wconf 89' lang='lat'>,</span> <span class='ocrx_word' id='word_1_465' title='bbox 2022 4758 2130 4854; x_wconf 78' lang='lat' dir='ltr'>qui</span> <span class='ocrx_word' id='word_1_466' title='bbox 2165 4750 2343 4852; x_wconf 79' lang='lat' dir='ltr'>estin</span> <span class='ocrx_word' id='word_1_467' title='bbox 2392 4759 2555 4831; x_wconf 83' lang='lat' dir='ltr'>circo</span> <span class='ocrx_word' id='word_1_468' title='bbox 2602 4758 2888 4829; x_wconf 86' lang='lat' dir='ltr'>maximo</span> <span class='ocrx_word' id='word_1_469' title='bbox 2919 4808 2944 4845; x_wconf 85' lang='lat'>,</span> <span class='ocrx_word' id='word_1_470' title='bbox 2988 4757 3199 4828; x_wconf 86' lang='lat' dir='ltr'>altum</span> <span class='ocrx_word' id='word_1_471' title='bbox 3227 4755 3419 4850; x_wconf 83' lang='lat' dir='ltr'>pedes</span> <span class='ocrx_word' id='word_1_472' title='bbox 3462 4782 3838 4831; x_wconf 66' lang='lat' dir='ltr'>Lxxxrn</span> <span class='ocrx_word' id='word_1_473' title='bbox 3890 4755 3960 4830; x_wconf 82' lang='lat' dir='ltr'>S.</span> <span class='ocrx_word' id='word_1_474' title='bbox 3996 4752 4086 4828; x_wconf 89' lang='lat' dir='ltr'>Id</span> <span class='ocrx_word' id='word_1_475' title='bbox 4151 4748 4252 4826; x_wconf 89' lang='lat' dir='ltr'>est</span> 
     </span>
     <span class='ocr_line' id='line_1_45' title="bbox 1485 4871 1977 4943; baseline 0.008 -22"><span class='ocrx_word' id='word_1_476' title='bbox 1485 4871 1627 4934; x_wconf 73' lang='lat' dir='ltr'>cum</span> <span class='ocrx_word' id='word_1_477' title='bbox 1686 4873 1877 4943; x_wconf 78' lang='lat' dir='ltr'>emtpe</span> <span class='ocrx_word' id='word_1_478' title='bbox 1924 4878 1977 4925; x_wconf 52' lang='lat' dir='ltr'>e,</span> 
     </span>
    </p>
   </div>
   <div class='ocr_carea' id='block_1_6' title="bbox 3557 4958 4247 5078">
    <p class='ocr_par' dir='ltr' id='par_1_8' title="bbox 3557 4958 4247 5078">
     <span class='ocr_line' id='line_1_46' title="bbox 3557 4958 4247 5078; baseline -0.01 -13"><span class='ocrx_word' id='word_1_479' title='bbox 3557 4958 3597 4994; x_wconf 68' lang='lat'>⁸</span> <span class='ocrx_word' id='word_1_480' title='bbox 3980 4983 4199 5065; x_wconf 81' lang='lat' dir='ltr'>Caius</span> <span class='ocrx_word' id='word_1_481' title='bbox 4219 5035 4247 5078; x_wconf 84' lang='lat'>,</span> 
     </span>
    </p>
   </div>
  </div>
 </body>
</html>
