4975 6149
983 450 1150 535 AD
1192 448 1649 537 LIBRUM
1672 447 1908 537 XIV.
1938 450 2224 538 ANN.
2256 451 2356 537 C.
2384 450 2749 539 CORN.
2778 448 3203 538 TACITI.
3332 484 3387 560 4
3403 479 3440 562 5
3460 487 3514 560 7

731 605 824 681 Id
863 601 963 680 est
992 605 1371 702 descriptum
1416 605 1493 679 ἕν’
1535 610 1926 701 recognitum
1954 632 2037 678 ex
2062 605 2289 680 tabuld
2323 607 2496 681 oeneci
2531 634 2667 706 quae
2674 607 2839 703 fixa
2871 606 2958 703 est
2979 608 3199 680 Romae
3225 613 3295 680 in
3330 635 3512 682 maro

722 704 867 801 post
896 708 1203 800 templum
1247 706 1389 780 divi
1429 704 1708 804 Augusti
1742 706 1830 779 ad
1869 709 2266 781 Minervam.
2293 704 2460 780 Pars
2486 729 2635 780 una
2674 705 2938 780 tabulae
2968 758 2989 791 ‚
3017 707 3136 779 cui
3164 706 3508 807 inscripta

668 804 682 820 ⁰
731 825 939 879 erant
984 805 1288 881 nomina
1329 804 1684 893 militum,
1716 804 1958 904 periit.
2009 804 2101 879 In
2154 805 2380 881 altera
2435 804 2808 906 superstite
2864 828 3219 905 apparent
3267 807 3508 882 adhuc

728 902 1032 1006 vestigia
1054 961 1074 994 ,
1109 905 1369 1006 quibus
1383 925 1840 1004 compertum
1854 904 2421 1007 quosdamfuiss‘e
2449 905 2805 980 oriundos
2821 929 3142 982 LAvmc.
3168 929 3505 985 ALABAN.

731 1028 1159 1131 PH¹L„ADEL‘
1191 1028 1583 1082 mcomm.
1636 1002 1718 1077 id
1747 1002 1849 1079 est
1898 1005 2216 1078 Laodicea
2239 1060 2262 1097 ,
2304 1007 2656 1080 Alabandei
2681 1057 2705 1094 ,
2757 1006 3205 1101 Philadelphici
3233 1065 3253 1093 ,
3301 1011 3506 1081 Nico-

725 1106 961 1181 media.

838 1201 1062 1279 Nunc
1090 1205 1268 1282 verb
1298 1256 1319 1291 ,
1363 1224 1448 1278 ut
1482 1202 1578 1279 ad
1623 1222 2010 1280 veteranos
2045 1203 2449 1294 Tarentum
2490 1209 2561 1278 &
2606 1202 2910 1280 Antium
2958 1201 3360 1305 adscriptos
3391 1230 3503 1281 re-

730 1322 971 1377 vertar
995 1360 1015 1394 ,
1049 1304 1248 1379 haud
1269 1305 1532 1380 mirum
1560 1329 1689 1379 eos
1713 1361 1734 1394 ,
1771 1305 2173 1379 Tarentum
2219 1311 2289 1379 δε
2321 1304 2629 1379 Antium
2656 1304 2988 1379 colonias
3037 1305 3454 1404 aspernatos
3472 1359 3499 1398 ,

731 1400 1051 1503 dilapsos
1102 1404 1239 1480 effe
1298 1406 1377 1478 in
1424 1403 1886 1503 provincias,
1946 1405 2022 1477 in
2055 1404 2313 1504 quibus
2343 1404 2424 1478 sti
2483 1403 2699 1478 endia
2730 1403 3247 1503 expleverant3
3289 1407 3501 1496 curn,

730 1525 992 1600 praeter
1017 1504 1260 1579 causas
1286 1531 1328 1579 a
1352 1505 1623 1578 Tacito
1658 1498 1908 1579 allatas
1931 1561 1952 1594 ,
1981 1504 2306 1578 militaris
2333 1503 2408 1578 di
2443 1503 2716 1604 ciplina
2747 1502 2849 1577 ita
2885 1503 3079 1578 foret
3105 1526 3447 1604 corrupta
3474 1558 3501 1595 ,

728 1622 815 1674 ut
880 1602 957 1678 in
1020 1603 1448 1706 quibusdam
1510 1604 1943 1680 exercitibus
1989 1603 2319 1679 veterani
2376 1631 2502 1677 non
2548 1604 2891 1702 stationem
2919 1659 2939 1693 ,
2995 1629 3120 1675 non
3188 1607 3456 1703 vigilias
3481 1663 3501 1692 ,

729 1700 1002 1778 inirent
1014 1730 1040 1792 3
1063 1707 1315 1777 vallum
1326 1706 1680 1805 festamque
1705 1704 1885 1804 quast
1910 1731 2080 1778 nova
2116 1707 2190 1778 &⁹
2238 1711 2408 1778 mira
2446 1708 2721 1800 vifizrent
2746 1730 2776 1788 ‚·
2790 1701 2937 1799 stne
2960 1705 3166 1801 galeis
3188 1704 3361 1800 ,fine
3392 1706 3502 1777 lo·-

726 1807 879 1876 ricis
899 1859 924 1892 ,
959 1806 1152 1877 nitidi
1184 1805 1259 1877 ἐπ’
1296 1803 1624 1904 quastuofi
1647 1857 1667 1890 ,
1694 1804 1941 1879 militilz‘
1967 1830 2088 1899 per
2132 1805 2365 1900 oppida
2400 1804 2657 1899 expletd
2677 1835 2702 1886 ,-
2733 1801 2936 1877 sicuti
2957 1800 3267 1877 vidimus
3294 1802 3503 1901 supra

725 1901 1002 1976 Annal.
1046 1902 1229 1978 XIII
1254 1957 1274 1993 ,
1313 1926 1350 2000 3
1368 1925 1440 1999 5.
1485 1902 1658 1999 Qua
1699 1903 1939 1980 adhuc
1997 1901 2299 1979 licentia
2340 1924 2715 1979 uterentur
2751 1901 2831 1977 in
2868 1900 3272 2003 provinciis
3303 1900 3500 1978 dice-

723 2021 841 2075 tur
877 1999 1061 2075 infra
1107 2027 1265 2102 cap.
1297 2023 1421 2098 31.
1674 2091 1676 2094 ¹
3512 2015 3581 2084 γ’

825 2097 1007 2175 Non
1040 2101 1331 2178 videtur
1355 2124 1600 2179 tamen
1635 2121 1755 2180 tot
1784 2103 2015 2180 Antio
2050 2102 2366 2203 dilapsos
2389 2159 2409 2192 ,
2449 2103 2500 2176 fi
2528 2102 2824 2205 quidem
2848 2158 2867 2191 ,
2896 2101 3072 2177 teste
3099 2100 3503 2191 Suetonio,

725 2199 808 2272 in
844 2197 1019 2274 Ner.
1071 2202 1200 2275 IX.
1262 2205 1538 2275 Antium
1583 2209 1901 2277 coloniam
1953 2206 2266 2286 deduxit,
2326 2204 2659 2297 adscriptis
2706 2208 3027 2274 veteranis
3075 2231 3106 2273 e
3145 2206 3499 2296 praetorio,

724 2299 1080 2395 additisque
1105 2325 1226 2392 per
1253 2301 1563 2371 domicilii
1608 2303 2087 2396 translationem
2140 2298 2460 2390 ditiffimis
2496 2301 3047 2393 primipilarium,
3084 2301 3189 2372 ubi
3236 2300 3312 2372 ΕΣ·
3349 2324 3502 2393 por-

723 2419 866 2469 tum
897 2402 1098 2490 operis
1131 2395 1653 2492 sumptuosiffimi
1682 2399 1873 2496 fecit.
1903 2397 1977 2471 Si
2015 2392 2193 2470 fides
2243 2394 2498 2470 haberi
2545 2395 2780 2495 poss‘et
2840 2397 3194 2485 Goltzi0,
3241 2418 3505 2497 praetet

783 2493 1253 2586 raetorianos,
1296 2495 1538 2571 missos
1589 2521 1888 2599 quoque
1939 2517 2328 2572 veteranos
2386 2494 2702 2596 legionis
2753 2493 2861 2569 IV
2918 2493 3259 2570 dicerem.
3308 2494 3499 2572 Nam

757 2652 763 2656 .
805 2594 1047 2667 eronis
1080 2620 1492 2685 nummum,
1515 2621 1682 2699 pag.
1715 2623 1761 2672 2
1775 2623 1909 2696 37„
1925 2596 2133 2671 affert
2153 2653 2174 2686 ,
2208 2621 2372 2672 cum
2401 2593 2883 2697 inscriptione
2908 2649 2932 2686 ,
2965 2619 3143 2680 cor..
3172 2618 3493 2670 ANTlAT.

725 2714 1083 2788 Lam-‚ann
1129 2717 1469 2769 1TALICA.

826 2791 960 2866 sm
995 2815 1383 2876 cosusQuss
1414 2802 1804 2886 onmms]
1843 2791 1958 2866 Ita
1989 2792 2563 2868 Mffi·B0d1.Je[
2619 2792 2867 2868 Guelf.
2899 2793 3263 2868 editiones
3297 2811 3503 2870 vete-

729 2915 842 2966 res
874 2896 944 2967 &
987 2892 1455 2968 recentiores.
1492 2891 1878 2992 Perperam
1903 2891 1979 2964 in
2008 2887 2267 2964 mediis
2310 2889 2779 2991 quibusdam,
2795 2893 2962 2989 suis.

831 3092 1050 3169 CAP.
1085 3090 1430 3169 XXVIII.
1462 3090 1611 3166 ,ΑΒ
1656 3114 2023 3169 senarum
2069 3103 2820 3191 PROVOCAvlssENT]
2871 3090 3117 3181 Olim,
3176 3095 3342 3168 cum
3385 3094 3497 3167 vi·

727 3215 934 3295 geret
985 3190 1312 3281 libertas,
1350 3218 1392 3266 a
1442 3191 1852 3293 magistratu
1916 3192 2008 3266 ad
2079 3191 2440 3295 populum
2500 3194 2641 3269 fuit
2707 3190 3150 3294 provocatio
3179 3190 3503 3292 :postea

724 3292 1175 3394 appellatum
1217 3290 1317 3369 est
1344 3292 1436 3366 ad
1461 3290 1875 3394 Principem
1902 3348 1924 3383 ,
1961 3294 2088 3395 qui
2129 3292 2401 3367 summa
2443 3317 2683 3369 rerum
2716 3291 3161 3395 potiebatur.
3211 3292 3499 3391 Augus-

725 3412 841 3471 tus
878 3396 1332 3491 appellationes
1365 3398 1704 3494 quotannis
1747 3395 2133 3469 urbanorum
2165 3394 2416 3492 quidem
2442 3398 2850 3496 litigatorum
2870 3397 3137 3488 proetori
3171 3393 3499 3491 delegavit

725 3494 989 3567 Urbano
1013 3525 1043 3566 .·
1088 3518 1160 3568 at
1176 3496 1718 3589 provincialium,
1774 3494 2204 3591 consularibus
2247 3499 2410 3567 viris
2437 3555 2456 3583 ,
2507 3521 2661 3592 quos
2685 3494 2982 3592 singulos
3018 3491 3310 3590 cu'usque
3345 3516 3499 3584 pro-

723 3597 957 3665 vincioe
987 3591 1254 3689 negotiis
1275 3593 1699 3691 praeposuzffitt
1722 3646 1746 3681 ,
1791 3592 2092 3668 Sueton.
2130 3592 2206 3665 in
2233 3593 2422 3693 Aug.
2466 3591 2807 3669 XXXIII.
2861 3595 2997 3666 Eas
3118 3589 3269 3663 aius
3306 3588 3501 3662 Cali-
3590 3652 3600 3659 .

722 3690 896 3792 gula
941 3693 1042 3767 M.
1072 3691 1321 3769 Silano
1351 3692 1738 3792 delegabat
1769 3749 1789 3783 ,
1822 3714 1905 3769 ut
1950 3692 2263 3769 vidimus
2292 3692 2370 3766 in
2406 3692 2936 3793 Supplemento
2982 3689 3246 3792 Aninal.
3297 3688 3496 3780 VII,

722 3789 1980 3987 taaaesxssuffssgssfiff22112515553.{⁶
2019 3789 3494 3968 N.‘²1523{‚⁵„2‘;³f³³⁸ueg³¹ifissfiffiehgz¹zffiz

723 3990 924 4064 auxit
960 3989 1166 4065 Nero
1193 4046 1213 4080 ,
1257 3990 1638 4091 statuitque
1689 4012 1772 4065 ut
1804 3990 1907 4081 ii,
1942 3918 2070 4093 (ΕΞ
2120 3990 2215 4067 ad
2247 3917 3241 4093 senatquprovgeaviffent,
3297 3986 3495 4062 idem
3625 4020 3631 4028 ·

727 4091 1060 4185 pecuniae
1098 4091 1362 4191 pignus
1401 4090 1958 4189 interponerent
1983 4147 2005 4180 ,
2036 4115 2123 4165 ac
2157 4091 2209 4165 ii
2240 4147 2261 4180 ,
2291 4093 2414 4194 qui
2447 4095 2974 4192 Imperatorem
3002 4085 3490 4188 appellabant.

730 4186 964 4280 Quod
1006 4208 1218 4261 antea
1248 4214 1601 4279 vacuum,
1666 4189 2127 4292 solutumque
2190 4192 2418 4292 poena
2457 4192 2740 4280 fuerat3
2791 4196 2863 4266 &
2907 4188 3046 4262 fuit
3107 4186 3493 4282 deinceps,

729 4287 899 4360 cum
936 4285 1356 4360 cautionem
1393 4287 1666 4362 sustulit
1725 4289 2284 4380 Diocletianus,
2322 4312 2404 4365 ut
2470 4290 2724 4367 videre
2779 4288 2881 4364 est
2938 4289 3014 4361 in
3072 4285 3263 4358 Cod.
3325 4282 3494 4358 libr.

727 4382 900 4460 VII.
941 4382 1096 4457 Tit.
1137 4388 1260 4458 62.
1318 4386 1392 4456 de
1424 4391 2003 4479 Appellationibus.
2041 4390 2217 4491 Leg.
2248 4395 2317 4466 6.
2359 4391 2724 4490 Majorem
2748 4388 2988 4461 adhu‘c
3012 4383 3295 4459 senariis
3327 4406 3498 4456 auc-

726 4483 1099 4560 toritatem
1142 4482 1318 4557 fecit
1344 4481 1794 4572 Hadrianus,
1872 4513 1970 4560 uo
2005 4494 2295 4564 anaore
2319 4546 2339 4578 ,
2368 4495 2683 4587 appellari
2726 4514 2766 4559 a
2786 4488 3018 4582 senatu
3067 4506 3221 4554 non
3246 4482 3497 4580 potuit

727 4582 1118 4681 Princeps,
1164 4579 1438 4682 Digest.
1492 4579 1657 4656 libr.
1711 4514 1968 4655 XLCIX.
2028 4586 2183 4659 Tit.
2267 4613 2338 4661 2.
2393 4598 2467 4661 A
2519 4590 2739 4686 quibus
2792 4585 3108 4677 appellari
3149 4607 3273 4653 non
3320 4583 3492 4656 licet.

727 4682 907 4782 Leg.
952 4708 1012 4758 1.
1053 4705 1141 4754 ex
1170 4680 1528 4781 Ulpiano.
1562 4678 1870 4755 Videtur
1919 4701 2157 4753 autem
2206 4684 2284 4754 in
2320 4685 2605 4759 tertiam
2637 4704 2915 4782 partem
2949 4678 3306 4755 aestimatae
3344 4679 3495 4753 litis

731 4776 969 4856 datam
1000 4779 1198 4856 fuisse
1240 4778 1681 4868 cautionem.
1731 4779 1852 4858 Sic
1895 4776 2091 4859 enim
2138 4779 2440 4876 Paulus,
2482 4782 2786 4885 Recept.
2830 4779 3154 4856 Sentent.
3200 4778 3363 4855 libr.
3396 4777 3499 4861 V.

916 4919 995 5002 T
984 4951 1130 5007 om.
1167 4923 1285 5011 II.
1712 4939 1720 4947 ’
2935 4922 3037 5008 Μ
3061 4950 3141 5003 m
3168 4949 3251 5005 m
3373 4956 3387 4979 ‘
