4975 6149
942 389 1757 483 ANNALIUM
1840 388 2279 483 LIBER
2354 392 3360 489 DuoDECIMth,
3427 425 3552 514 75

754 554 1226 646 auferretur.
1258 552 1441 669 Ipse
1483 581 1837 670 praeceps
1886 551 2167 642 Iberos
2212 555 2312 641 ad
2366 559 2712 674 patrium
2756 587 3098 673 regnum
3149 564 3541 678 pervadit.
3593 596 3829 647 εε-

747 687 1083 772 Interim
1120 677 1584 768 Zenobiam
1617 680 1743 783 (id
1783 678 2103 766 mulieri
2133 690 2475 788 nomen)
2522 681 2842 801 placida
2871 685 3196 793 illuvie,
3234 690 3537 807 spiran-
3635 764 3670 824 8

748 841 965 915 tem,
1030 841 1131 896 ac
1186 812 1369 893 vitae
1430 808 1981 914 manifestam,
2038 808 2452 897 advertere
2524 813 2924 925 pastores3
2996 823 3080 899 ὅτ.
3145 818 3536 929 dignitate
3636 782 3786 934 ,ῗέ

747 940 1020 1024 formae
1060 935 1281 1021 haud
1330 934 1817 1047 degenerem
1857 963 2362 1051 reputantes,
2408 935 2776 1050 obligant
2821 936 3166 1046 vulnus,
3204 950 3535 1055 agrestia
3646 992 3754 1062 5¹·

649 1089 693 1168 5
748 1066 1289 1151 medicamina
1326 1059 1767 1159 adhibent3
1812 1066 2313 1176 cognitoque
2366 1068 2697 1150 nomine
2748 1073 2832 1149 ὃς
2869 1067 3095 1171 casu,
3124 1072 3209 1152 in
3249 1068 3535 1157 urbem

740 1196 1133 1278 'Artaxata
1180 1189 1452 1274 ferunt
1499 1223 1517 1270 :
1569 1188 1784 1274 unde
1855 1187 2185 1305 publica
2249 1188 2440 1277 cura
2507 1192 2845 1278 deduaa
2896 1194 2997 1277 ad
3045 1196 3536 1307 Tiridatenj

751 1322 1248 1428 comiterque
1292 1340 1691 1430 excepta,
1752 1315 1982 1401 cultu
2028 1321 2256 1430 regio
2300 1317 2574 1404 habita
2622 1322 2756 1404 est.
3859 1415 3868 1423 ,

872 1446 1081 1529 LII.
1142 1448 1211 1530 F
1225 1468 1563 1528 AnsTo
1608 1439 1878 1548 Sulla,
1913 1441 2195 1528 Salvio
2246 1448 2588 1531 Othone
2625 1458 2647 1492 ¹
2688 1445 3154 1533 consulibus
3175 1508 3205 1552 ,
3237 1452 3526 1545 Furius
3574 1482 3810 1528 Ξ

745 1571 1319 1656 Scribonianus
1368 1565 1872 1670 inexsilium
1928 1573 2241 1683 agitur,
2292 1573 2506 1684 quasi
2574 1607 2619 1648 «
2653 1575 2898 1657 finem
2945 1577 3339 1692 Principis
3383 1607 3526 1693 per
3574 1561 3810 1715 *⁰8²⁰*

600 1719 691 1776 ro
739 1697 1229 1795 »Chaldaeos
1269 1697 1818 1781 scrutaretur»
1868 1732 1884 1779 :
1926 1697 2492 1783 adneeratur
2530 1702 2853 1783 crimini
2907 1734 2952 1776 c<
2980 1702 3223 1791 Junia
3268 1731 3523 1788 mater
3614 1670 3769 1817 30⁰2:

737 1821 975 1932 »ejus
1011 1861 1057 1902 »
1089 1883 1117 1927 ,
1155 1849 1246 1906 ut
1286 1856 1330 1898 «
1361 1825 1587 1907 cassis
1617 1826 1905 1938 prioris
1935 1860 1980 1902 »
2027 1833 2254 1930 (nam
2281 1824 2639 1938 relegata
2664 1833 2867 1927 erat)
2915 1829 3410 1943 «impatiens
3434 1865 3519 1920 >›.
3641 1868 3745 1938 52.

737 1953 974 2038 Pater
1023 1948 1537 2036 Scriboniani
1585 1949 1983 2036 Camillus
2040 1982 2256 2036 arma
2305 1982 2446 2067 per
2494 1951 2994 2037 Dalmatiam
3047 1961 3077 1997 ²
3128 1978 3528 2045 moverat.

743 2077 996 2188 quue
1045 2077 1141 2162 ad
1189 2073 1706 2162 clementiam
1758 2075 2126 2162 trahebat
2178 2080 2490 2181 Caesar,
2544 2080 2762 2190 quod
2791 2082 3107 2194 stirpem
3147 2081 3524 2168 hostilem

741 2206 1031 2288 iterum
1071 2202 1615 2289 conservaret.
1663 2207 1960 2317 Neque
2012 2231 2284 2289 tamen
2338 2202 2598 2289 exsuli
2648 2203 2898 2317 longa
2961 2208 3289 2320 posthac
3352 2210 3523 2295 vita

590 2358 616 2410 ι
637 2352 676 2432 5
736 2329 885 2414 fuit
913 2365 930 2413 ε
960 2356 1228 2416 morte
1258 2329 1593 2416 fortuita
1616 2391 1644 2436 ‚
1691 2364 1789 2418 an
1821 2362 1963 2448 per
2004 2361 2413 2418 venenum
2442 2334 2865 2416 exstinfitus
2911 2334 3143 2437 effet,
3176 2360 3266 2417 ut
3304 2334 3522 2445 quis-

730 2487 880 2567 que
911 2458 1262 2544 credidit
1285 2517 1313 2560 ,
1343 2455 1810 2571 vulgavere.
1856 2459 2054 2544 «De
2080 2461 2676 2545 mathematicis
2713 2468 2733 2518 ³
2773 2454 3006 2543 Italia
3036 2456 3431 2573 pellendis
3455 2496 3507 2538 υ

730 2583 1024 2669 fastum
1079 2584 1865 2670 senatusconsultum
1898 2647 1927 2691 ‚
1992 2614 2226 2671 atrox
2275 2594 2357 2670 ὅ(
2405 2589 2761 2670 inritum.
2810 2585 3158 2670 Laudati
3218 2587 3521 2677 dehinc

733 2715 1099 2798 oratione
1149 2713 1544 2827 Principis
1571 2771 1599 2815 ,
1663 2747 1710 2790 <t
1745 2716 1882 2824 qui
1927 2710 2031 2798 ob
2078 2715 2472 2826 angustias
2526 2710 2956 2797 familiares
2995 2721 3033 2772 ⁴
3073 2713 3358 2797 ordine
3397 2714 3521 2797 se*

734 2840 1113 2924 »natorio
1162 2838 1449 2953 sponte
1509 2840 1890 2923 cederent
1916 2874 1960 2916 ι)
1992 2900 2020 2942 ,
2051 2842 2416 2950 motique
2460 2874 2506 2915 «
2536 2841 2674 2952 qui
2712 2839 3202 2923 remanendo
3241 2842 3515 2956 impu-

572 2972 686 3039 ‘20
740 2965 1154 3048 »dentiam
1190 2968 1640 3081 paupertati
1666 2961 2108 3073 adjicerent
2131 3002 2175 3043 »
2198 3029 2219 3050 .

861 3092 1125 3177 LIII.
1186 3094 1498 3177 INTER
1545 3123 1716 3205 quae
1769 3093 2109 3181 refertur
2158 3094 2259 3179 ad
2316 3120 2579 3207 patres
2635 3127 2679 3169 «
2713 3092 2812 3178 de
2868 3085 3112 3207 poena
3162 3091 3511 3178 femina·-

733 3247 970 3301 »rum
995 3279 1025 3323 ,
1056 3249 1223 3330 quae
1267 3221 1515 3303 servis
1555 3215 2243 3330 conjungerentur
2276 3254 2319 3294 »
2342 3280 2361 3300 .
2388 3222 2942 3327 Statuiturque
2989 3252 3032 3294 «
3055 3244 3189 3318 ut,
3219 3220 3507 3330 ignaro

722 3346 1127 3430 »domino
1152 3406 1180 3448 ,
1208 3347 1307 3432 ad
1334 3330 1419 3430 id
1470 3345 1896 3460 prolapsa5
1938 3406 1967 3449 ‚
2006 3349 2089 3428 in
2129 3345 2513 3428 servitute
2547 3377 2565 3424 ε
2595 3343 2705 3425 sm
2737 3343 3240 3426 consenfiss'et
3262 3401 3290 3445 ‚
3350 3374 3504 3457 pro

724 3469 1074 3557 »liberta
1122 3472 1659 3558 haberetur».
1710 3469 2098 3574 Pallanti,
2144 3500 2389 3584 quem
2457 3503 2504 3545 «
2533 3495 3028 3583 repertorem
3074 3465 3244 3575 ejus
3298 3467 3504 3553 rela-

572 3620 619 3672 2
631 3613 670 3696 5
728 3599 1099 3684 »tionis»
1147 3599 1504 3684 ediderat
1531 3599 1837 3705 Caesar,
1895 3633 1941 3675 α
1965 3600 2333 3715 praetoria
2374 3596 2763 3708 insignia,
2800 3603 2882 3679 ὅ(
2925 3597 3231 3686 centies
3268 3599 3504 3705 quin-

808 3825 827 3857 ¹
874 3819 1133 3883 Satvro
1152 3817 1429 3880 Omont
1449 3818 1479 3893 ]
1499 3818 1565 3879 Ρ.
1587 3814 1922 3880 Cornelius
1941 3815 2077 3897 Syl·
2152 3834 2313 3882 netoe
2342 3812 2601 3880 Gallica:
2633 3812 2820 3877 libras
2844 3833 2960 3903 233
2986 3857 3005 3886 ‚
3034 3833 3194 3893 437,
3238 3826 3502 3876 taxave-

727 3895 1058 3959 laFaustus
1083 3897 1156 3960 &
1187 3897 1265 3959 L.
1295 3896 1538 3959 Salvius
1584 3894 1760 3958 Otho
1786 3894 2076 3958 Titianus
2151 3912 2246 3961 rat
2282 3894 2603 3976 Augustus.
2636 3896 2896 3958 Sueton.
2920 3912 2991 3955 in
3022 3895 3181 3973 Aug.
3215 3893 3387 3953 XLI.

730 3974 1124 4038 consulatum
1153 3973 1355 4038 iniere
1390 3995 1562 4038 anno
1596 3973 1778 4039 Urbis
1802 3973 2076 4038 conditae
2234 3987 2253 4032 5
2306 3978 2557 4037 lemno
2590 3994 2848 4037 nomuo
2871 4016 2890 4045 ‚
2920 3994 3004 4035 AD
3032 3993 3099 4034 ιι)
3123 3974 3499 4049 nomm]

735 4057 969 4119 θεῖεν.
1000 4054 1145 4116 Jesu
1178 4053 1402 4118 Christi
1434 4075 1533 4135 52.
2150 4054 2582 4118 invalescente
2626 4050 2738 4115 hac
2790 4070 3044 4114 morum
3095 4049 3454 4128 corruptela
3477 4093 3501 4124 ‚

804 4140 831 4170 ²·
877 4136 1079 4195 Anna
1105 4154 1225 4194 raa
1259 4133 1674 4197 Daunum
1702 4135 2072 4209 novumn]
2150 4133 2430 4198 stamitur
2472 4149 2544 4196 ut
2604 4129 2844 4194 femina
2902 4130 2981 4192 ad
3038 4127 3106 4190 id
3159 4128 3498 4203 libidinis,
3549 4169 3602 4192 „s
3664 4173 3673 4191 .

733 4208 826 4271 De
845 4207 959 4273 hac
980 4209 1242 4274 Camilli
1278 4210 1677 4275 Scriboniani
1720 4210 2076 4274 rebellione
2150 4213 2371 4294 ignaro
2408 4209 2571 4275 servi
2595 4210 2862 4274 domino
2890 4257 2909 4284 ,
2943 4208 3125 4287 prola
3168 4207 3228 4268 sa
3247 4253 3265 4280 ,
3294 4205 3363 4266 in
3387 4204 3502 4266 ser-

736 4286 960 4367 quinto
993 4290 1098 4352 die
1128 4310 1168 4352 o
1215 4289 1408 4369 presta
1437 4289 1710 4353 diximus
1732 4287 1801 4351 in
1818 4290 2079 4370 Supple-
2151 4293 2355 4357 vitute
2389 4291 2670 4364 viveret,
2706 4289 2812 4354 seu
2854 4285 3085 4350 ancilla
3152 4301 3322 4346 oret:
3410 4302 3504 4345 ατο

732 4381 951 4429 mento
981 4309 1212 4431 Annalp
1238 4371 1326 4431 IX
1348 4415 1367 4445 ,
1406 4388 1481 4452 35
1506 4371 1576 4432 &
1612 4376 1708 4445 36.
2151 4375 2307 4436 vero
2332 4415 2351 4444 ‚
2381 4368 2821 4434 consentiente
2868 4364 3137 4455 domino
3160 4408 3178 4434 ‚
3213 4380 3359 4423 cum
3409 4382 3502 4423 er-

771 4445 950 4534 ‚³1³2
978 4466 1464 4511 namnum-mm
1529 4444 1837 4511 chaldaeis
1860 4468 1932 4511 ac
1952 4447 2080 4510 Ma·
2151 4473 2237 4515 vo
2285 4445 3093 4532 conjungeretur,011berta
3141 4440 3500 4537 haberetur:

728 4541 840 4601 gis.
868 4524 1050 4588 Pestis
1074 4525 1225 4602 sepe
1266 4546 1447 4606 repre
1555 4573 1574 4602 ‚
1604 4526 1845 4605 semper
1867 4527 2078 4589 renas·
2149 4530 2251 4594 Sic
2304 4547 2563 4609 quoque
2583 4571 2602 4601 ,
2659 4523 2931 4585 libidine
3000 4535 3190 4598 atque
3252 4518 3501 4612 luxuria·

728 4621 869 4665 cens
906 4649 926 4678 ,
959 4606 1045 4668 ob
1089 4604 1596 4694 superstitionem
1631 4604 2075 4676 mortalitatis,
2152 4606 2651 4672 recrudescente,
2676 4599 3073 4680 Vespasianus
3091 4595 3501 4688 autflorsenatuz

729 4681 1119 4756 presentium
1156 4682 1525 4758 rncuriosoe,
1556 4682 1916 4748 firturotum
1941 4683 2080 4746 avi·
2134 4686 2257 4762 suit
2311 4680 2695 4756 decernendi,
2742 4696 2804 4737 ut
2857 4696 2976 4757 quae
3009 4677 3075 4758 J&
3123 4674 3303 4738 alieno
3333 4677 3502 4757 ftrvo

731 4756 839 4819 ἀπ.
862 4761 1040 4824 Plura
1061 4760 1213 4823 vide
1261 4761 1426 4824 infra
1459 4762 1610 4826 Hist.
1640 4765 1706 4837 1,
1729 4783 1833 4825 22.
2143 4763 2440 4844 junxiffet,
2492 4757 2703 4820 ancilla
2745 4753 3072 4832 haberetur,
3114 4757 3378 4820 Sueton.
3410 4756 3502 4844 ‘in

809 4844 839 4884 ⁴
870 4842 966 4900 On
1008 4860 1356 4902 meust-us
1411 4841 1859 4916 ammanus]
1897 4835 2082 4900 Sena-
2152 4841 2406 4921 Vespas.
2440 4840 2547 4900 XI.
2575 4835 2740 4900 Vide
2773 4836 2973 4901 Notas
2998 4837 3068 4902 &
3095 4836 3505 4900 Emendatio-

734 4926 907 4977 torum
939 4918 1183 4999 censum.
1206 4959 1261 4984 ..
1284 4916 1573 4986 duodecies
1581 4917 1922 5006 sestertifim,
1942 4937 2079 4983 mo—
2152 4942 2263 4988 nes
2304 4918 2385 4985 ad
2421 4914 2652 4985 Annal.
2680 4916 2798 4980 XII
2823 4961 2844 4995 ,
2871 4934 2974 4999 53.

3092 4996 3254 5105 Kij

3593 673 3659 724 A.
3677 676 3740 724 U.
3759 677 3822 732 C.
3897 712 3900 715 ι
