4975 6149
1428 427 1606 485 202
1865 394 1966 478 C.
2099 385 2991 479 CORNELII
3115 384 3738 475 TACITI

1149 591 1389 641 aa
1555 562 1661 649 V.
1727 559 1799 641 C
1819 586 1873 644 o
1892 580 2071 641 RBU
2092 584 2138 641 L
2158 585 2216 643 o
2283 581 2552 643 tamen
2569 611 2597 657 ,
2624 554 2989 663 quamvis
3028 552 3401 639 secundis
3431 550 3668 638 rebus
3694 553 3852 640 suis
3868 612 3896 658 ‚
3927 554 4212 640 mode-

1153 671 1364 724 A.U.C

1197 763 1345 837 815.

1200 868 1254 923 J.
1286 868 1351 918 C.

1222 957 1329 1022 62.

1365 700 1384 720 ⁶
1431 689 1772 774 randum
1799 685 2138 770 fortunae
2178 711 2391 768 ratus
2402 742 2432 787 ,
2477 680 2688 764 mifit
2721 681 2821 767 ad
2846 678 3322 793 Vologesen
3349 740 3378 784 ‚
3431 684 3572 793 qui
3613 679 4214 795 expostularent

1449 851 1495 894 α
1523 818 1694 899 vim
1719 814 2152 928 provincia:
2181 807 2515 894 inlatam
2549 842 2566 891 :
2607 809 2920 893 socium
2948 812 3461 919 amicumque
3487 838 3767 922 regem
3780 813 4214 914 ,cohortes

1434 945 1918 1033 »Romanas
1966 936 2556 1023 circumsideri:
2603 937 3020 1021 omitteret
3060 936 3331 1048 potius
3361 933 3861 1022 obsidionem
3885 993 3913 1039 ‚
3952 934 4212 1020 autse

1433 1097 1825 1181 »quoque
1860 1069 1947 1148 in
1984 1095 2179 1178 agro
2208 1061 2479 1148 hostili
2512 1065 2758 1147 castra
2771 1063 3270 1178 positurum»
3293 1060 3758 1175 .Casperius
3782 1063 4212 1167 Centuri0‚

1432 1200 1523 1281 in
1549 1224 1727 1281 eam
1754 1191 2253 1306 legationem
2280 1185 2633 1274 delectus
2663 1249 2692 1292 ,
2740 1189 2956 1304 apud
2978 1188 3369 1303 oppidum
3397 1191 3485 1273 N
3490 1187 3718 1271 ifibin
3763 1200 3785 1235 ¹
3817 1248 3846 1294 ,
3902 1189 4214 1304 septem

1436 1331 1523 1408 ὅ(
1577 1323 1910 1434 triginta
1957 1316 2314 1401 millibus
2364 1315 2724 1430 passuum
2765 1348 2810 1399 a
2847 1312 3437 1429 Tigranocerta
3485 1315 3904 1401 distantem
3933 1376 3962 1422 ,
4015 1318 4215 1402 adiit

1431 1478 1762 1561 regem,
1803 1453 1888 1529 ὅ(
1934 1444 2310 1529 mandata
2350 1444 2738 1528 ferociter
2761 1442 3042 1528 edidit.
3080 1441 3467 1556 Vologefi
3513 1470 3745 1529 vetus
3776 1452 3861 1528 δε
3888 1447 4214 1557 penitus

1318 1681 1325 1689 .
1436 1576 1781 1659 infixum
1835 1597 2053 1675 erat,
2098 1601 2315 1655 arma
2365 1570 2743 1655 Romana
2789 1572 3145 1655 vitandi:
3187 1599 3341 1655 nec
3373 1569 3785 1686 praesentia
3834 1570 4213 1686 prospere

1433 1698 1799 1785 fluebant
1837 1733 1854 1781 ε
1890 1702 2225 1781 inritum
2253 1696 2643 1782 obfidium
2681 1732 2699 1780 ε
2745 1724 2965 1782 tutus
3004 1728 3250 1782 manu
3279 1705 3364 1781 δε
3402 1700 3661 1811 copiis
3702 1706 3733 1741 ²
3769 1698 4211 1808 Tigranes:

1434 1827 1746 1939 fugati,
1804 1827 1943 1935 qui
1991 1825 2683 1938 expugnationem
2725 1824 3223 1941 sumpserant
3272 1859 3290 1906 ε
3344 1826 3580 1916 miffae
3631 1828 3718 1907 in
3741 1826 4215 1909 Armeniam

1436 1950 1858 2065 legiones:
1893 1958 1975 2033 δε
2020 1949 2187 2034 aliae
2239 1981 2386 2065 pro
2413 1950 2642 2063 Syria
2666 2009 2695 2055 ,
2749 1979 3036 2067 paratae
3082 1949 3303 2036 ultro
3347 1953 3810 2067 inrumpere
3845 1983 3863 2034 z
3907 1948 4047 2033 fibi
4075 1955 4220 2034 im-

1437 2076 1833 2165 becillum
1898 2080 2254 2187 equitem
2305 2076 2581 2190 pabuli
2633 2077 2910 2191 inopia
2953 2113 2972 2160 ε
3020 2109 3206 2163 nam
3245 2104 3526 2162 exorta
3575 2082 3696 2161 vis
3729 2076 4216 2162 locustarum

1438 2204 1904 2288 ambederat
1928 2203 2317 2313 quidquid
2343 2202 2817 2307 herbidum,
2865 2231 3004 2288 aut
3044 2204 3545 2287 frondosum.
3597 2206 3857 2314 Igitur
3904 2260 3935 2305 ,
3989 2232 4219 2288 metu

1439 2328 1846 2430 abstruso,
1930 2331 2253 2412 mitiora
2307 2325 2755 2412 obtendens
2778 2387 2808 2432 ,
2882 2361 2930 2405 «
2995 2328 3410 2412 miss‘urum
3475 2328 3578 2414 ad
3634 2330 4215 2443 Imperatorem

1439 2459 1978 2542 »Romanum
2014 2465 2035 2514 ³
2072 2451 2438 2567 legatos,
2497 2455 2731 2567 super
2777 2453 3125 2567 petenda
3180 2455 3569 2540 Armenia
3613 2514 3642 2560 ,
3694 2463 3779 2539 ὅ(
3828 2453 4219 2540 firmanda

1440 2611 1710 2697 »pace
1748 2616 1792 2657 2>
1811 2641 1840 2684 ‚
1880 2579 2342 2694 respondet.
2394 2580 2802 2665 Monesen
2864 2615 2910 2658 (ε
2937 2585 3312 2668 omittere
3339 2584 3934 2698 Tigranocerta
3971 2617 4017 2666 2>
4092 2578 4220 2690 ju-

1442 2707 1586 2797 bet
1617 2737 1669 2804 ;·
1699 2707 1868 2821 ipse
1909 2733 2126 2791 retro
2179 2708 2591 2793 concedit.

1456 2889 1468 2898 ·
1571 2834 1736 2922 VI.
1799 2835 1970 2917 ΗΔΕ
2004 2860 2056 2917 c
2106 2831 2375 2949 plures
2399 2894 2426 2938 ,
2464 2860 2562 2918 ut
2600 2866 2644 2910 «
2669 2833 3101 2917 formidine
3129 2837 3341 2948 regis
3363 2894 3392 2940 ,
3432 2842 3517 2918 ὅ(
3543 2833 4039 2919 Corbulonis
4067 2835 4218 2916 mi-

1446 2964 1638 3046 »nis
1664 2985 2042 3076 patrata»
2113 2991 2210 3044 ac
2258 2962 2692 3074 magnifica
2740 2956 3273 3045 extollebant.
3335 2958 3507 3043 Alii
3560 2961 3960 3047 «occulte
3988 2963 4214 3077 pepi-

1445 3090 1707 3202 »gisse
1754 3122 1799 3165 ›>
1868 3087 2649 3203 interpretabantur3
2734 3122 2780 3164 (ι
2830 3113 2923 3171 ut
2980 3086 3266 3174 omiss‘o
3332 3091 3739 3201 utrimque
3783 3088 4008 3175 bello
4043 3148 4072 3194 ,
4132 3097 4218 3173 ὅ(

1447 3248 1495 3298 2>
1516 3214 1861 3301 abeunte
1875 3213 2333 3329 Vologese,
2355 3217 2751 3329 Tigranes
2780 3244 3102 3327 quoque
3117 3213 3503 3302 Armenia
3539 3215 4024 3302 abscederet.
4050 3215 4224 3298 Cur

1447 3344 1734 3427 »enim
1780 3344 2231 3429 exercitum
2279 3345 2751 3431 Romanum
2789 3373 2839 3425 a
2878 3343 3487 3455 Tigranocertis
3529 3341 3958 3428 deduetum
3989 3348 4017 3422 ἓ
4050 3341 4223 3424 Cur

1320 3559 1327 3566 ,
1448 3500 1498 3549 1>
1518 3468 1826 3553 deserta
1854 3499 1998 3584 per
2022 3472 2321 3574 otium,
2352 3501 2523 3581 quae
2553 3466 2778 3555 bello
2804 3467 3330 3557 defenderant
3382 3477 3412 3555 ἓ
3453 3473 3589 3552 An
3637 3468 3926 3554 melius
3962 3467 4221 3553 hiber-

1450 3595 1815 3680 »naviss‘e
1847 3599 1936 3677 in
1965 3594 2323 3682 extrema
2347 3592 2915 3714 Cappadocia,
2941 3601 3235 3712 raptim
3268 3601 3544 3683 ereffis
3566 3601 3950 3711 tuguriis,
3981 3593 4221 3708 quam

1446 3723 1600 3804 »in
1652 3720 1839 3806 sede
1889 3726 2118 3835 regni
2170 3724 2421 3810 modo
2468 3728 2762 3809 retenti
2794 3729 2822 3804 ἓ
2853 3723 3136 3810 Dilata
3163 3727 3479 3840 prorsus
3515 3755 3737 3810 arma
3760 3782 3788 3828 ,
3836 3751 3928 3807 ut
3953 3717 4220 3810 Volo-

1450 3879 1500 3925 »
1519 3847 1743 3959 geses
1774 3877 1965 3930 cum
1996 3846 2202 3956 alio,
2242 3849 2481 3962 quam
2513 3882 2700 3936 cum
2713 3849 3228 3955 Corbulone,
3256 3879 3633 3938 certaret:
3661 3845 4028 3932 Corbulo
4053 3876 4223 3931 me-

1447 3975 1680 4054 »ritae
1704 3993 1832 4056 tot
1877 4003 2019 4088 per
2049 4005 2301 4060 annos
2330 3974 2607 4089 gloriae
2633 4008 2799 4065 non
2824 3974 3032 4061 ultra
3062 3975 3512 4092 periculum
3540 3976 3842 4059 faceret
3864 4007 3911 4051 »
3932 4037 3952 4058 .
3971 3976 4225 4079 Nam,

1454 4123 1547 4216 ut
1582 4095 1826 4184 retuli
1852 4108 1933 4206 4,
1971 4105 2388 4218 proprium
2439 4104 2734 4192 ducem
2774 4101 3086 4191 tuendae
3115 4103 3514 4187 Armeniae
3544 4100 4030 4218 poposcerat
4053 4160 4083 4207 ‚
4139 4110 4223 4186 ὅ(

1536 4371 1558 4400 ¹
1607 4362 1915 4453 Ogmmm
1942 4364 2247 4461 Nxsrnnffj
2279 4363 2603 4457 Oppi-dum
2625 4368 2809 4433 Adia·
2881 4383 3049 4434 tutus
3073 4369 3142 4434 vi
3163 4368 3439 4435 militum
3479 4371 3551 4437 St
3581 4385 4070 4437 commeatuum.
4093 4373 4225 4433 Co-

1443 4437 1650 4505 henes
1684 4460 1753 4502 m
1779 4441 1951 4533 Meso
1999 4460 2265 4534 otamxa,
2307 4444 2628 4528 hodieque
2660 4448 2804 4513 dic·
2879 4448 3009 4532 pias
3050 4449 3176 4514 hoc
3225 4450 3399 4515 sensu
3435 4450 3638 4534 accipi
3669 4450 4025 4515 videbimus
4062 4447 4225 4510 infra

1457 4531 1636 4596 tum,
1661 4518 1914 4600 Nqsibm.
2006 4523 2118 4586 lm.
2161 4526 2245 4589 v1
2341 4545 2433 4603 ¹3·
2458 4524 2803 4604 Antiochia,
2879 4550 3014 4609 cap.
3091 4537 3187 4594 16.
3227 4532 3398 4594 Bene
3470 4532 3664 4596 vertit
3725 4531 3829 4593 Cl.
3890 4527 4159 4591 Gordon
4197 4570 4222 4599 ›

1320 4675 1326 4681 Α
1455 4616 1620 4674 quam
1656 4597 1881 4679 Nisibin
1930 4620 2154 4664 vocant.
2199 4571 2365 4684 2134}
2398 4603 2472 4695 qb
2499 4604 2805 4667 Artaxatis
2878 4609 3274 4690 ngranesfizt
3298 4612 3495 4693 ficare
3522 4607 3921 4692 andstrongin
3948 4624 4067 4663 men
4101 4601 4223 4662 aad

1456 4690 1655 4736 nect..
1706 4697 1784 4736 as.
1809 4679 2071 4770 paffuum.
2107 4683 2182 4744 In
2223 4680 2339 4746 hac
2372 4683 2656 4747 distantia
2686 4686 2801 4749 ad-
2873 4686 3192 4769 provisions.

1446 4748 1948 4830 ·fignand51²limi
1967 4760 2252 4825 librarios
2269 4762 2802 4840 erraffe‚&emen·
2962 4779 2986 4822 ³
3024 4772 3504 4832 lupum-0112„
3557 4771 3892 4833 Romnum(
3932 4764 3963 4839 ]
4014 4761 4224 4825 Nero·

1459 4827 1739 4892 dandum
1764 4848 1945 4896 ccct..
1972 4860 2055 4900 M.
2070 4841 2203 4922 paffi
2227 4841 2535 4907 existimo.
2880 4866 3045 4910 nem.
3072 4846 3241 4909 Infra
3266 4866 3400 4925 cap.
3427 4867 3489 4924 7.

1537 4916 1567 4947 ²
1608 4908 1827 4974 Tutus
1873 4934 2052 4979 nanu
2091 4940 2415 4988 rar-corus
2454 4923 2506 5000 ].
2537 4923 2611 4988 Id
2663 4923 2747 4990 est
2779 4971 2801 5005 ,
2956 4935 2988 4982 ¹
3023 4929 3119 4992 Ur
3147 4925 3437 5002 aarum]
3468 4924 3660 5006 3111)ῐᾶ
3690 4942 3827 5006 cap·
3853 4941 3912 4998 3·

4281 1727 4386 1781 10

4273 2988 4391 3042 20
