<?xml version="1.0" encoding="UTF-8"?>
<!DOCTYPE html PUBLIC "-//W3C//DTD XHTML 1.0 Transitional//EN"
    "http://www.w3.org/TR/xhtml1/DTD/xhtml1-transitional.dtd">
<html xmlns="http://www.w3.org/1999/xhtml" xml:lang="en" lang="en">
 <head>
  <title>
</title>
<meta http-equiv="Content-Type" content="text/html;charset=utf-8" />
  <meta name='ocr-system' content='tesseract 3.04.00' />
  <meta name='ocr-capabilities' content='ocr_page ocr_carea ocr_par ocr_line ocrx_word'/>
</head>
<body>
  <div class='ocr_page' id='page_1' title='image "./ccorneliitaciti04brotgoog_0295.png"; bbox 0 0 4975 6149; ppageno 0'>
   <div class='ocr_carea' id='block_1_1' title="bbox 967 421 3131 516">
    <p class='ocr_par' dir='ltr' id='par_1_1' title="bbox 967 421 3131 516">
     <span class='ocr_line' id='line_1_1' title="bbox 967 421 3131 516; baseline 0.001 -4"><span class='ocrx_word' id='word_1_1' title='bbox 967 424 1389 512; x_wconf 91' lang='lat' dir='ltr'>LIBRI</span> <span class='ocrx_word' id='word_1_2' title='bbox 1463 421 2214 513; x_wconf 89' lang='lat' dir='ltr'>UNDECIMI</span> <span class='ocrx_word' id='word_1_3' title='bbox 2294 425 3131 516; x_wconf 80' lang='lat' dir='ltr'>ANNALIUM.</span> 
     </span>
    </p>
   </div>
   <div class='ocr_carea' id='block_1_2' title="bbox 3268 445 3438 543">
    <p class='ocr_par' dir='ltr' id='par_1_2' title="bbox 3268 445 3438 543">
     <span class='ocr_line' id='line_1_2' title="bbox 3268 445 3438 543; baseline 0.012 -27"><span class='ocrx_word' id='word_1_4' title='bbox 3268 445 3438 543; x_wconf 83' lang='lat'>285</span> 
     </span>
    </p>
   </div>
   <div class='ocr_carea' id='block_1_3' title="bbox 550 590 3730 1727">
    <p class='ocr_par' dir='ltr' id='par_1_3' title="bbox 550 590 3730 1727">
     <span class='ocr_line' id='line_1_3' title="bbox 778 590 3730 694; baseline 0.003 -18"><span class='ocrx_word' id='word_1_5' title='bbox 778 590 960 677; x_wconf 91' lang='lat' dir='ltr'>III.</span> <span class='ocrx_word' id='word_1_6' title='bbox 1026 592 1430 694; x_wconf 65' lang='lat' dir='ltr'>venem,</span> <span class='ocrx_word' id='word_1_7' title='bbox 1461 620 1563 673; x_wconf 88' lang='lat' dir='ltr'>ne</span> <span class='ocrx_word' id='word_1_8' title='bbox 1603 593 2013 677; x_wconf 86' lang='lat' dir='ltr'>continuis</span> <span class='ocrx_word' id='word_1_9' title='bbox 2039 590 2481 677; x_wconf 71' lang='lat' dir='ltr'>Messalinae</span> <span class='ocrx_word' id='word_1_10' title='bbox 2518 594 3018 681; x_wconf 81' lang='lat' dir='ltr'>foeditatibus</span> <span class='ocrx_word' id='word_1_11' title='bbox 3058 626 3449 683; x_wconf 86' lang='lat' dir='ltr'>avocetur</span> <span class='ocrx_word' id='word_1_12' title='bbox 3492 638 3730 684; x_wconf 64' lang='grc' dir='ltr'>Ξ</span> 
     </span>
     <span class='ocr_line' id='line_1_4' title="bbox 649 716 3725 835; baseline 0.001 -27"><span class='ocrx_word' id='word_1_13' title='bbox 649 720 1109 835; x_wconf 88' lang='lat' dir='ltr'>legentium</span> <span class='ocrx_word' id='word_1_14' title='bbox 1169 719 1538 823; x_wconf 85' lang='lat' dir='ltr'>animus,</span> <span class='ocrx_word' id='word_1_15' title='bbox 1589 716 1897 803; x_wconf 85' lang='lat' dir='ltr'>laetiora</span> <span class='ocrx_word' id='word_1_16' title='bbox 1966 719 2066 804; x_wconf 92' lang='lat' dir='ltr'>de</span> <span class='ocrx_word' id='word_1_17' title='bbox 2124 720 2531 805; x_wconf 90' lang='lat' dir='ltr'>Britannis</span> <span class='ocrx_word' id='word_1_18' title='bbox 2604 725 3115 810; x_wconf 89' lang='lat' dir='ltr'>narrandum.</span> <span class='ocrx_word' id='word_1_19' title='bbox 3181 726 3446 813; x_wconf 87' lang='lat' dir='ltr'>Aulus</span> <span class='ocrx_word' id='word_1_20' title='bbox 3496 722 3725 775; x_wconf 63' lang='lat' dir='ltr'><strong>A·⁰·0·</strong></span> 
     </span>
     <span class='ocr_line' id='line_1_5' title="bbox 654 843 3444 962; baseline 0.002 -27"><span class='ocrx_word' id='word_1_21' title='bbox 654 848 1076 952; x_wconf 86' lang='lat' dir='ltr'>Plautius,</span> <span class='ocrx_word' id='word_1_22' title='bbox 1126 873 1368 959; x_wconf 89' lang='lat' dir='ltr'>quem</span> <span class='ocrx_word' id='word_1_23' title='bbox 1419 843 1652 962; x_wconf 70' lang='lat' dir='ltr'>supra</span> <span class='ocrx_word' id='word_1_24' title='bbox 1715 850 2162 934; x_wconf 84' lang='lat' dir='ltr'>memoravi</span> <span class='ocrx_word' id='word_1_25' title='bbox 2214 858 2236 893; x_wconf 89' lang='lat'>¹</span> <span class='ocrx_word' id='word_1_26' title='bbox 2273 907 2303 952; x_wconf 84' lang='lat'><strong><em>,</em></strong></span> <span class='ocrx_word' id='word_1_27' title='bbox 2361 877 2538 932; x_wconf 65' lang='lat' dir='ltr'>rem‘</span> <span class='ocrx_word' id='word_1_28' title='bbox 2609 850 3074 934; x_wconf 86' lang='lat' dir='ltr'>Romanam</span> <span class='ocrx_word' id='word_1_29' title='bbox 3149 853 3444 962; x_wconf 88' lang='lat' dir='ltr'>lentis,</span> 
     </span>
     <span class='ocr_line' id='line_1_6' title="bbox 654 974 3448 1095; baseline 0.004 -36"><span class='ocrx_word' id='word_1_30' title='bbox 654 977 800 1063; x_wconf 86' lang='lat' dir='ltr'>sed</span> <span class='ocrx_word' id='word_1_31' title='bbox 835 978 1107 1079; x_wconf 85' lang='lat' dir='ltr'>certis,</span> <span class='ocrx_word' id='word_1_32' title='bbox 1132 1000 1656 1089; x_wconf 85' lang='lat' dir='ltr'>promoverat</span> <span class='ocrx_word' id='word_1_33' title='bbox 1683 977 2233 1061; x_wconf 88' lang='lat' dir='ltr'>incrementis.</span> <span class='ocrx_word' id='word_1_34' title='bbox 2266 974 2598 1062; x_wconf 88' lang='lat' dir='ltr'>Barbari</span> <span class='ocrx_word' id='word_1_35' title='bbox 2631 977 2909 1061; x_wconf 88' lang='lat' dir='ltr'>frustra</span> <span class='ocrx_word' id='word_1_36' title='bbox 2948 979 3300 1095; x_wconf 90' lang='lat' dir='ltr'>impetus</span> <span class='ocrx_word' id='word_1_37' title='bbox 3336 986 3448 1069; x_wconf 88' lang='lat' dir='ltr'>fe-</span> 
     </span>
     <span class='ocr_line' id='line_1_7' title="bbox 550 1100 3446 1219; baseline 0.001 -29"><span class='ocrx_word' id='word_1_38' title='bbox 550 1131 600 1212; x_wconf 85' lang='lat'><em>5</em></span> <span class='ocrx_word' id='word_1_39' title='bbox 659 1133 896 1208; x_wconf 88' lang='lat' dir='ltr'>cere,</span> <span class='ocrx_word' id='word_1_40' title='bbox 949 1103 1387 1217; x_wconf 87' lang='lat' dir='ltr'>peregrinae</span> <span class='ocrx_word' id='word_1_41' title='bbox 1442 1102 2022 1190; x_wconf 89' lang='lat' dir='ltr'>dominationis</span> <span class='ocrx_word' id='word_1_42' title='bbox 2064 1103 2258 1189; x_wconf 93' lang='lat' dir='ltr'>odio</span> <span class='ocrx_word' id='word_1_43' title='bbox 2314 1112 2398 1189; x_wconf 74' lang='grc' dir='ltr'>ὃ(</span> <span class='ocrx_word' id='word_1_44' title='bbox 2449 1100 2831 1188; x_wconf 91' lang='lat' dir='ltr'>locorum</span> <span class='ocrx_word' id='word_1_45' title='bbox 2884 1106 3170 1219; x_wconf 65' lang='lat' dir='ltr'>peritia</span> <span class='ocrx_word' id='word_1_46' title='bbox 3217 1111 3317 1195; x_wconf 91' lang='lat' dir='ltr'>ad</span> <span class='ocrx_word' id='word_1_47' title='bbox 3352 1112 3446 1193; x_wconf 74' lang='lat' dir='ltr'>fi-</span> 
     </span>
     <span class='ocr_line' id='line_1_8' title="bbox 653 1227 3444 1353; baseline 0.003 -37"><span class='ocrx_word' id='word_1_48' title='bbox 653 1231 980 1316; x_wconf 89' lang='lat' dir='ltr'>duciam</span> <span class='ocrx_word' id='word_1_49' title='bbox 1026 1227 1264 1311; x_wconf 90' lang='lat' dir='ltr'>elati:</span> <span class='ocrx_word' id='word_1_50' title='bbox 1320 1228 1631 1344; x_wconf 90' lang='lat' dir='ltr'>semper</span> <span class='ocrx_word' id='word_1_51' title='bbox 1683 1232 1968 1316; x_wconf 91' lang='lat' dir='ltr'>restitit</span> <span class='ocrx_word' id='word_1_52' title='bbox 2015 1232 2242 1317; x_wconf 90' lang='lat' dir='ltr'>ducis</span> <span class='ocrx_word' id='word_1_53' title='bbox 2283 1230 2848 1347; x_wconf 84' lang='lat' dir='ltr'>providentia,</span> <span class='ocrx_word' id='word_1_54' title='bbox 2900 1241 2983 1316; x_wconf 82' lang='lat'>&amp;</span> <span class='ocrx_word' id='word_1_55' title='bbox 3032 1235 3444 1353; x_wconf 81' lang='lat' dir='ltr'>Vespasia-</span> 
     </span>
     <span class='ocr_line' id='line_1_9' title="bbox 657 1356 3445 1470; baseline 0.003 -29"><span class='ocrx_word' id='word_1_56' title='bbox 657 1361 744 1441; x_wconf 92' lang='lat' dir='ltr'>ni</span> <span class='ocrx_word' id='word_1_57' title='bbox 780 1359 1032 1440; x_wconf 91' lang='lat' dir='ltr'>virtus</span> <span class='ocrx_word' id='word_1_58' title='bbox 1103 1358 1492 1442; x_wconf 90' lang='lat' dir='ltr'>interrita.</span> <span class='ocrx_word' id='word_1_59' title='bbox 1568 1356 1959 1443; x_wconf 90' lang='lat' dir='ltr'>Periculis</span> <span class='ocrx_word' id='word_1_60' title='bbox 2013 1388 2337 1470; x_wconf 89' lang='lat' dir='ltr'>quoque</span> <span class='ocrx_word' id='word_1_61' title='bbox 2401 1358 2752 1444; x_wconf 85' lang='lat' dir='ltr'>lacessita</span> <span class='ocrx_word' id='word_1_62' title='bbox 2828 1362 3191 1445; x_wconf 90' lang='lat' dir='ltr'>innotuit</span> <span class='ocrx_word' id='word_1_63' title='bbox 3268 1366 3445 1449; x_wconf 90' lang='lat' dir='ltr'>Titi</span> 
     </span>
     <span class='ocr_line' id='line_1_10' title="bbox 659 1483 3446 1603; baseline 0.004 -37"><span class='ocrx_word' id='word_1_64' title='bbox 659 1486 969 1598; x_wconf 85' lang='lat' dir='ltr'>pietas,</span> <span class='ocrx_word' id='word_1_65' title='bbox 1021 1513 1117 1567; x_wconf 91' lang='lat' dir='ltr'>ac</span> <span class='ocrx_word' id='word_1_66' title='bbox 1168 1483 1595 1569; x_wconf 75' lang='lat' dir='ltr'>fortitudo,</span> <span class='ocrx_word' id='word_1_67' title='bbox 1648 1487 1883 1569; x_wconf 91' lang='lat' dir='ltr'>Patre</span> <span class='ocrx_word' id='word_1_68' title='bbox 1923 1486 2418 1570; x_wconf 75' lang='lat' dir='ltr'>circumfusis</span> <span class='ocrx_word' id='word_1_69' title='bbox 2472 1487 2828 1571; x_wconf 90' lang='lat' dir='ltr'>hostibus</span> <span class='ocrx_word' id='word_1_70' title='bbox 2887 1515 3222 1603; x_wconf 88' lang='lat' dir='ltr'>erepto,</span> <span class='ocrx_word' id='word_1_71' title='bbox 3276 1522 3446 1576; x_wconf 90' lang='lat' dir='ltr'>non</span> 
     </span>
     <span class='ocr_line' id='line_1_11' title="bbox 658 1607 3445 1727; baseline 0.004 -34"><span class='ocrx_word' id='word_1_72' title='bbox 658 1612 911 1695; x_wconf 79' lang='lat' dir='ltr'>modo</span> <span class='ocrx_word' id='word_1_73' title='bbox 978 1607 1268 1694; x_wconf 89' lang='lat' dir='ltr'>servati</span> <span class='ocrx_word' id='word_1_74' title='bbox 1324 1613 1528 1696; x_wconf 90' lang='lat' dir='ltr'>civis</span> <span class='ocrx_word' id='word_1_75' title='bbox 1592 1611 1838 1697; x_wconf 90' lang='lat' dir='ltr'>decus</span> <span class='ocrx_word' id='word_1_76' title='bbox 1915 1611 2270 1697; x_wconf 90' lang='lat' dir='ltr'>obtinuit</span> <span class='ocrx_word' id='word_1_77' title='bbox 2304 1623 2335 1658; x_wconf 88' lang='lat'>²</span> <span class='ocrx_word' id='word_1_78' title='bbox 2366 1672 2394 1718; x_wconf 85' lang='lat'><strong><em>,</em></strong></span> <span class='ocrx_word' id='word_1_79' title='bbox 2465 1611 2606 1697; x_wconf 86' lang='lat' dir='ltr'>sed</span> <span class='ocrx_word' id='word_1_80' title='bbox 2658 1614 2982 1727; x_wconf 86' lang='lat' dir='ltr'>fugatos</span> <span class='ocrx_word' id='word_1_81' title='bbox 3060 1614 3445 1703; x_wconf 88' lang='lat' dir='ltr'>barbaros</span> 
     </span>
    </p>
   </div>
   <div class='ocr_carea' id='block_1_4' title="bbox 505 1734 3445 1850">
    <p class='ocr_par' dir='ltr' id='par_1_4' title="bbox 505 1734 3445 1850">
     <span class='ocr_line' id='line_1_12' title="bbox 505 1734 3445 1850; baseline 0.006 -38"><span class='ocrx_word' id='word_1_82' title='bbox 505 1760 607 1812; x_wconf 70' lang='grc' dir='ltr'>ιο</span> <span class='ocrx_word' id='word_1_83' title='bbox 658 1735 952 1850; x_wconf 66' lang='lat' dir='ltr'>magna</span> <span class='ocrx_word' id='word_1_84' title='bbox 1004 1734 1236 1822; x_wconf 90' lang='lat' dir='ltr'>clade</span> <span class='ocrx_word' id='word_1_85' title='bbox 1274 1738 1601 1822; x_wconf 87' lang='lat' dir='ltr'>adfecit.</span> <span class='ocrx_word' id='word_1_86' title='bbox 1650 1740 2023 1826; x_wconf 87' lang='lat' dir='ltr'>Adverfis</span> <span class='ocrx_word' id='word_1_87' title='bbox 2077 1740 2378 1826; x_wconf 87' lang='lat' dir='ltr'>cafibus</span> <span class='ocrx_word' id='word_1_88' title='bbox 2425 1740 2645 1824; x_wconf 57' lang='lat' dir='ltr'>fracti</span> <span class='ocrx_word' id='word_1_89' title='bbox 2670 1798 2698 1844; x_wconf 86' lang='lat'><strong><em>,</em></strong></span> <span class='ocrx_word' id='word_1_90' title='bbox 2758 1739 2966 1824; x_wconf 88' lang='lat' dir='ltr'>nihil</span> <span class='ocrx_word' id='word_1_91' title='bbox 3004 1736 3165 1850; x_wconf 83' lang='lat' dir='ltr'>jam</span> <span class='ocrx_word' id='word_1_92' title='bbox 3208 1747 3445 1831; x_wconf 90' lang='lat' dir='ltr'>aude-</span> 
     </span>
    </p>
   </div>
   <div class='ocr_carea' id='block_1_5' title="bbox 657 1856 3447 2364">
    <p class='ocr_par' dir='ltr' id='par_1_5' title="bbox 657 1856 3447 2364">
     <span class='ocr_line' id='line_1_13' title="bbox 657 1856 3444 1981; baseline 0.002 -31"><span class='ocrx_word' id='word_1_93' title='bbox 657 1863 854 1950; x_wconf 91' lang='lat' dir='ltr'>bant</span> <span class='ocrx_word' id='word_1_94' title='bbox 864 1894 910 1975; x_wconf 63' lang='lat'><em>3</em></span> <span class='ocrx_word' id='word_1_95' title='bbox 961 1871 1043 1946; x_wconf 69' lang='grc' dir='ltr'>ὃ(</span> <span class='ocrx_word' id='word_1_96' title='bbox 1084 1864 1442 1950; x_wconf 87' lang='lat' dir='ltr'>Plautius</span> <span class='ocrx_word' id='word_1_97' title='bbox 1482 1870 1704 1981; x_wconf 88' lang='lat' dir='ltr'>pacis</span> <span class='ocrx_word' id='word_1_98' title='bbox 1750 1866 2050 1953; x_wconf 90' lang='lat' dir='ltr'>artibus</span> <span class='ocrx_word' id='word_1_99' title='bbox 2089 1856 2752 1954; x_wconf 30' lang='lat' dir='ltr'>&#39;dominationem</span> <span class='ocrx_word' id='word_1_100' title='bbox 2812 1866 3026 1953; x_wconf 69' lang='lat' dir='ltr'>ultra</span> <span class='ocrx_word' id='word_1_101' title='bbox 3065 1873 3444 1957; x_wconf 87' lang='lat' dir='ltr'>intendit.</span> 
     </span>
     <span class='ocr_line' id='line_1_14' title="bbox 662 1989 3447 2115; baseline 0.004 -43"><span class='ocrx_word' id='word_1_102' title='bbox 662 1991 878 2073; x_wconf 75' lang='lat' dir='ltr'>Cum</span> <span class='ocrx_word' id='word_1_103' title='bbox 933 1989 1149 2076; x_wconf 92' lang='lat' dir='ltr'>bella</span> <span class='ocrx_word' id='word_1_104' title='bbox 1198 1995 1311 2077; x_wconf 92' lang='lat' dir='ltr'>ita</span> <span class='ocrx_word' id='word_1_105' title='bbox 1358 1995 1695 2098; x_wconf 86' lang='lat' dir='ltr'>starent,</span> <span class='ocrx_word' id='word_1_106' title='bbox 1754 1995 2023 2082; x_wconf 83' lang='lat' dir='ltr'>missus</span> <span class='ocrx_word' id='word_1_107' title='bbox 2066 1996 2175 2079; x_wconf 91' lang='lat' dir='ltr'>est</span> <span class='ocrx_word' id='word_1_108' title='bbox 2224 2021 2667 2111; x_wconf 86' lang='lat' dir='ltr'>propraetor</span> <span class='ocrx_word' id='word_1_109' title='bbox 2719 1997 3085 2081; x_wconf 89' lang='lat' dir='ltr'>Ostorius</span> <span class='ocrx_word' id='word_1_110' title='bbox 3132 2001 3447 2115; x_wconf 86' lang='lat' dir='ltr'>Scapu&#39;-</span> 
     </span>
     <span class='ocr_line' id='line_1_15' title="bbox 661 2116 3444 2236; baseline 0.004 -37"><span class='ocrx_word' id='word_1_111' title='bbox 661 2116 742 2202; x_wconf 91' lang='lat' dir='ltr'>la</span> <span class='ocrx_word' id='word_1_112' title='bbox 785 2128 807 2177; x_wconf 79' lang='lat'><em>3</em></span> <span class='ocrx_word' id='word_1_113' title='bbox 845 2177 874 2222; x_wconf 90' lang='lat'><strong><em>,</em></strong></span> <span class='ocrx_word' id='word_1_114' title='bbox 922 2121 1056 2228; x_wconf 91' lang='lat' dir='ltr'>qui</span> <span class='ocrx_word' id='word_1_115' title='bbox 1097 2117 1446 2205; x_wconf 87' lang='lat' dir='ltr'>feliciter</span> <span class='ocrx_word' id='word_1_116' title='bbox 1473 2150 1746 2236; x_wconf 86' lang='lat' dir='ltr'>coepta</span> <span class='ocrx_word' id='word_1_117' title='bbox 1785 2127 2325 2208; x_wconf 90' lang='lat' dir='ltr'>continuaret.</span> <span class='ocrx_word' id='word_1_118' title='bbox 2350 2121 2671 2208; x_wconf 90' lang='lat' dir='ltr'>Plautio</span> <span class='ocrx_word' id='word_1_119' title='bbox 2700 2122 3027 2207; x_wconf 91' lang='lat' dir='ltr'>decreta</span> <span class='ocrx_word' id='word_1_120' title='bbox 3057 2129 3335 2210; x_wconf 90' lang='lat' dir='ltr'>ovatio</span> <span class='ocrx_word' id='word_1_121' title='bbox 3359 2138 3444 2223; x_wconf 81' lang='lat'>43</span> 
     </span>
     <span class='ocr_line' id='line_1_16' title="bbox 664 2243 3445 2364; baseline 0.003 -36"><span class='ocrx_word' id='word_1_122' title='bbox 664 2243 1122 2355; x_wconf 90' lang='lat' dir='ltr'>Urbemque</span> <span class='ocrx_word' id='word_1_123' title='bbox 1179 2247 1528 2360; x_wconf 83' lang='lat' dir='ltr'>ingreffo</span> <span class='ocrx_word' id='word_1_124' title='bbox 1603 2248 1931 2334; x_wconf 89' lang='lat' dir='ltr'>obviam</span> <span class='ocrx_word' id='word_1_125' title='bbox 1988 2250 2439 2364; x_wconf 86' lang='lat' dir='ltr'>progressus</span> <span class='ocrx_word' id='word_1_126' title='bbox 2509 2251 2619 2331; x_wconf 93' lang='lat' dir='ltr'>est</span> <span class='ocrx_word' id='word_1_127' title='bbox 2688 2251 3154 2364; x_wconf 79' lang='lat' dir='ltr'>Princeps‘,</span> <span class='ocrx_word' id='word_1_128' title='bbox 3226 2261 3310 2336; x_wconf 70' lang='grc' dir='ltr'>δε</span> <span class='ocrx_word' id='word_1_129' title='bbox 3360 2257 3445 2335; x_wconf 87' lang='lat' dir='ltr'>in</span> 
     </span>
    </p>
   </div>
   <div class='ocr_carea' id='block_1_6' title="bbox 501 2370 3449 2490">
    <p class='ocr_par' dir='ltr' id='par_1_6' title="bbox 501 2370 3449 2490">
     <span class='ocr_line' id='line_1_17' title="bbox 501 2370 3449 2490; baseline 0.003 -36"><span class='ocrx_word' id='word_1_130' title='bbox 501 2387 602 2468; x_wconf 77' lang='lat'>&#39;15</span> <span class='ocrx_word' id='word_1_131' title='bbox 661 2370 1161 2487; x_wconf 89' lang='lat' dir='ltr'>Capitolium</span> <span class='ocrx_word' id='word_1_132' title='bbox 1208 2378 1487 2479; x_wconf 87' lang='lat' dir='ltr'>eunti,</span> <span class='ocrx_word' id='word_1_133' title='bbox 1533 2377 1883 2490; x_wconf 89' lang='lat' dir='ltr'>indeque</span> <span class='ocrx_word' id='word_1_134' title='bbox 1935 2380 2376 2462; x_wconf 90' lang='lat' dir='ltr'>revertenti</span> <span class='ocrx_word' id='word_1_135' title='bbox 2431 2373 2642 2460; x_wconf 88' lang='lat' dir='ltr'>latus</span> <span class='ocrx_word' id='word_1_136' title='bbox 2692 2378 2939 2460; x_wconf 82' lang='lat' dir='ltr'>texit:</span> <span class='ocrx_word' id='word_1_137' title='bbox 2992 2377 3205 2461; x_wconf 71' lang='lat' dir='ltr'>forte</span> <span class='ocrx_word' id='word_1_138' title='bbox 3236 2376 3449 2463; x_wconf 84' lang='lat' dir='ltr'>ultra</span> 
     </span>
    </p>
   </div>
   <div class='ocr_carea' id='block_1_7' title="bbox 656 2499 3447 3000">
    <p class='ocr_par' dir='ltr' id='par_1_7' title="bbox 656 2499 3445 2619">
     <span class='ocr_line' id='line_1_18' title="bbox 656 2499 3445 2619; baseline 0.003 -36"><span class='ocrx_word' id='word_1_139' title='bbox 656 2501 1268 2615; x_wconf 88' lang='lat' dir='ltr'>Imperatoriam</span> <span class='ocrx_word' id='word_1_140' title='bbox 1307 2499 1796 2609; x_wconf 86' lang='lat' dir='ltr'>majestatem</span> <span class='ocrx_word' id='word_1_141' title='bbox 1825 2566 1853 2611; x_wconf 84' lang='lat'><strong><em>,</em></strong></span> <span class='ocrx_word' id='word_1_142' title='bbox 1901 2531 1980 2589; x_wconf 93' lang='lat' dir='ltr'>at</span> <span class='ocrx_word' id='word_1_143' title='bbox 2019 2535 2188 2588; x_wconf 92' lang='lat' dir='ltr'>non</span> <span class='ocrx_word' id='word_1_144' title='bbox 2230 2505 2460 2619; x_wconf 88' lang='lat' dir='ltr'>supra</span> <span class='ocrx_word' id='word_1_145' title='bbox 2497 2500 2792 2587; x_wconf 89' lang='lat' dir='ltr'>Plautii</span> <span class='ocrx_word' id='word_1_146' title='bbox 2835 2506 3119 2588; x_wconf 89' lang='lat' dir='ltr'>merita</span> <span class='ocrx_word' id='word_1_147' title='bbox 3152 2502 3445 2589; x_wconf 88' lang='lat' dir='ltr'>civilis.</span> 
     </span>
    </p>

    <p class='ocr_par' dir='ltr' id='par_1_8' title="bbox 659 2626 3447 3000">
     <span class='ocr_line' id='line_1_19' title="bbox 779 2626 3444 2737; baseline 0.004 -28"><span class='ocrx_word' id='word_1_148' title='bbox 779 2627 943 2714; x_wconf 91' lang='lat' dir='ltr'>IV.</span> <span class='ocrx_word' id='word_1_149' title='bbox 1007 2630 1096 2712; x_wconf 91' lang='lat' dir='ltr'>H</span> <span class='ocrx_word' id='word_1_150' title='bbox 1113 2654 1251 2712; x_wconf 80' lang='lat' dir='ltr'>AEc</span> <span class='ocrx_word' id='word_1_151' title='bbox 1309 2633 1516 2715; x_wconf 92' lang='lat' dir='ltr'>inter</span> <span class='ocrx_word' id='word_1_152' title='bbox 1560 2633 2019 2737; x_wconf 84' lang='lat' dir='ltr'>recruduit,</span> <span class='ocrx_word' id='word_1_153' title='bbox 2057 2658 2289 2716; x_wconf 92' lang='lat' dir='ltr'>vetus</span> <span class='ocrx_word' id='word_1_154' title='bbox 2350 2628 2551 2714; x_wconf 91' lang='lat' dir='ltr'>Urbi</span> <span class='ocrx_word' id='word_1_155' title='bbox 2588 2627 2951 2734; x_wconf 86' lang='lat' dir='ltr'>malum,</span> <span class='ocrx_word' id='word_1_156' title='bbox 3015 2626 3444 2737; x_wconf 84' lang='lat' dir='ltr'>majestatis</span> 
     </span>
     <span class='ocr_line' id='line_1_20' title="bbox 659 2755 3447 2874; baseline 0.001 -35"><span class='ocrx_word' id='word_1_157' title='bbox 659 2755 970 2840; x_wconf 90' lang='lat' dir='ltr'>crimen</span> <span class='ocrx_word' id='word_1_158' title='bbox 1002 2815 1030 2858; x_wconf 87' lang='lat'><em>,</em></span> <span class='ocrx_word' id='word_1_159' title='bbox 1075 2757 1361 2842; x_wconf 90' lang='lat' dir='ltr'>tuendi</span> <span class='ocrx_word' id='word_1_160' title='bbox 1413 2760 1813 2872; x_wconf 90' lang='lat' dir='ltr'>Principis</span> <span class='ocrx_word' id='word_1_161' title='bbox 1867 2761 2137 2874; x_wconf 92' lang='lat' dir='ltr'>specie</span> <span class='ocrx_word' id='word_1_162' title='bbox 2174 2818 2202 2861; x_wconf 86' lang='lat'>,</span> <span class='ocrx_word' id='word_1_163' title='bbox 2277 2758 2440 2841; x_wconf 85' lang='lat' dir='ltr'>sed</span> <span class='ocrx_word' id='word_1_164' title='bbox 2475 2757 2879 2871; x_wconf 83' lang='lat' dir='ltr'>praedandi</span> <span class='ocrx_word' id='word_1_165' title='bbox 2934 2755 3174 2842; x_wconf 65' lang='lat' dir='ltr'>causa</span> <span class='ocrx_word' id='word_1_166' title='bbox 3224 2788 3447 2873; x_wconf 64' lang='lat' dir='ltr'>reper-</span> 
     </span>
     <span class='ocr_line' id='line_1_21' title="bbox 659 2881 3442 3000; baseline 0.001 -36"><span class='ocrx_word' id='word_1_167' title='bbox 659 2883 929 2965; x_wconf 87' lang='lat' dir='ltr'>titum.</span> <span class='ocrx_word' id='word_1_168' title='bbox 971 2885 1359 2969; x_wconf 90' lang='lat' dir='ltr'>Accusati</span> <span class='ocrx_word' id='word_1_169' title='bbox 1395 2882 1746 3000; x_wconf 88' lang='lat' dir='ltr'>plurimi.</span> <span class='ocrx_word' id='word_1_170' title='bbox 1796 2881 2211 2997; x_wconf 89' lang='lat' dir='ltr'>Ignobiles</span> <span class='ocrx_word' id='word_1_171' title='bbox 2254 2909 2514 2968; x_wconf 89' lang='lat' dir='ltr'>tutata</span> <span class='ocrx_word' id='word_1_172' title='bbox 2556 2885 2667 2965; x_wconf 92' lang='lat' dir='ltr'>est</span> <span class='ocrx_word' id='word_1_173' title='bbox 2708 2882 3119 2968; x_wconf 89' lang='lat' dir='ltr'>humilitas</span> <span class='ocrx_word' id='word_1_174' title='bbox 3145 2944 3173 2986; x_wconf 87' lang='lat'><strong><em>,</em></strong></span> <span class='ocrx_word' id='word_1_175' title='bbox 3207 2886 3442 2969; x_wconf 74' lang='lat' dir='ltr'>diffl‘-</span> 
     </span>
    </p>
   </div>
   <div class='ocr_carea' id='block_1_8' title="bbox 512 3007 3442 3128">
    <p class='ocr_par' dir='ltr' id='par_1_9' title="bbox 512 3007 3442 3128">
     <span class='ocr_line' id='line_1_22' title="bbox 512 3007 3442 3128; baseline 0.002 -38"><span class='ocrx_word' id='word_1_176' title='bbox 512 3037 610 3092; x_wconf 89' lang='lat'>20</span> <span class='ocrx_word' id='word_1_177' title='bbox 660 3035 882 3094; x_wconf 92' lang='lat' dir='ltr'>tante</span> <span class='ocrx_word' id='word_1_178' title='bbox 921 3012 1346 3127; x_wconf 89' lang='lat' dir='ltr'>Principe,</span> <span class='ocrx_word' id='word_1_179' title='bbox 1394 3046 1438 3087; x_wconf 83' lang='lat'><strong><em>«</em></strong></span> <span class='ocrx_word' id='word_1_180' title='bbox 1479 3012 1612 3096; x_wconf 89' lang='lat' dir='ltr'>De</span> <span class='ocrx_word' id='word_1_181' title='bbox 1654 3010 1924 3128; x_wconf 91' lang='lat' dir='ltr'>pulice</span> <span class='ocrx_word' id='word_1_182' title='bbox 1952 3071 1981 3116; x_wconf 90' lang='lat'><em>‚</em></span> <span class='ocrx_word' id='word_1_183' title='bbox 2020 3036 2113 3095; x_wconf 92' lang='lat' dir='ltr'>ut</span> <span class='ocrx_word' id='word_1_184' title='bbox 2164 3010 2264 3094; x_wconf 90' lang='lat' dir='ltr'>de</span> <span class='ocrx_word' id='word_1_185' title='bbox 2299 3007 2464 3094; x_wconf 62' lang='lat' dir='ltr'>fera</span> <span class='ocrx_word' id='word_1_186' title='bbox 2498 3018 2524 3074; x_wconf 85' lang='lat'>5</span> <span class='ocrx_word' id='word_1_187' title='bbox 2560 3069 2588 3113; x_wconf 84' lang='lat'><em>,</em></span> <span class='ocrx_word' id='word_1_188' title='bbox 2631 3039 2801 3093; x_wconf 92' lang='lat' dir='ltr'>non</span> <span class='ocrx_word' id='word_1_189' title='bbox 2831 3008 2985 3093; x_wconf 69' lang='lat' dir='ltr'>ess‘e</span> <span class='ocrx_word' id='word_1_190' title='bbox 3014 3010 3442 3096; x_wconf 90' lang='lat' dir='ltr'>vindican-</span> 
     </span>
    </p>
   </div>
   <div class='ocr_carea' id='block_1_9' title="bbox 654 3133 3436 3381">
    <p class='ocr_par' dir='ltr' id='par_1_10' title="bbox 654 3133 3436 3381">
     <span class='ocr_line' id='line_1_23' title="bbox 654 3133 3436 3253; baseline 0 -33"><span class='ocrx_word' id='word_1_191' title='bbox 654 3135 910 3228; x_wconf 87' lang='lat' dir='ltr'>»dum</span> <span class='ocrx_word' id='word_1_192' title='bbox 955 3173 1047 3219; x_wconf 72' lang='lat'>2).</span> <span class='ocrx_word' id='word_1_193' title='bbox 1090 3139 1189 3221; x_wconf 88' lang='lat' dir='ltr'>In</span> <span class='ocrx_word' id='word_1_194' title='bbox 1243 3142 1407 3223; x_wconf 91' lang='lat' dir='ltr'>hoc</span> <span class='ocrx_word' id='word_1_195' title='bbox 1456 3139 1665 3239; x_wconf 83' lang='lat' dir='ltr'>stetit</span> <span class='ocrx_word' id='word_1_196' title='bbox 1710 3137 2594 3253; x_wconf 83' lang='lat' dir='ltr'>clementia.-Saevitum</span> <span class='ocrx_word' id='word_1_197' title='bbox 2633 3139 2715 3217; x_wconf 90' lang='lat' dir='ltr'>in</span> <span class='ocrx_word' id='word_1_198' title='bbox 2784 3133 3101 3219; x_wconf 89' lang='lat' dir='ltr'>nobiles</span> <span class='ocrx_word' id='word_1_199' title='bbox 3145 3164 3436 3248; x_wconf 89' lang='lat' dir='ltr'>poten-</span> 
     </span>
     <span class='ocr_line' id='line_1_24' title="bbox 656 3259 3432 3381; baseline -0.001 -35"><span class='ocrx_word' id='word_1_200' title='bbox 656 3263 932 3376; x_wconf 90' lang='lat' dir='ltr'>tesque</span> <span class='ocrx_word' id='word_1_201' title='bbox 960 3324 989 3368; x_wconf 90' lang='lat'><em>‚</em></span> <span class='ocrx_word' id='word_1_202' title='bbox 1033 3265 1256 3377; x_wconf 79' lang='lat' dir='ltr'>quod</span> <span class='ocrx_word' id='word_1_203' title='bbox 1291 3262 1446 3350; x_wconf 88' lang='lat' dir='ltr'>soli</span> <span class='ocrx_word' id='word_1_204' title='bbox 1483 3265 1583 3352; x_wconf 87' lang='lat' dir='ltr'>ad</span> <span class='ocrx_word' id='word_1_205' title='bbox 1624 3267 1965 3381; x_wconf 72' lang='lat' dir='ltr'>praedam</span> <span class='ocrx_word' id='word_1_206' title='bbox 2006 3259 2513 3378; x_wconf 47' lang='lat' dir='ltr'>sufficerent?</span> <span class='ocrx_word' id='word_1_207' title='bbox 2515 3338 2527 3350; x_wconf 76' lang='grc'>.,</span> <span class='ocrx_word' id='word_1_208' title='bbox 2544 3264 2816 3372; x_wconf 92' lang='lat' dir='ltr'>Atque</span> <span class='ocrx_word' id='word_1_209' title='bbox 2858 3262 2970 3344; x_wconf 92' lang='lat' dir='ltr'>ita</span> <span class='ocrx_word' id='word_1_210' title='bbox 3016 3266 3432 3375; x_wconf 90' lang='lat' dir='ltr'>pereunti-</span> 
     </span>
    </p>
   </div>
   <div class='ocr_carea' id='block_1_10' title="bbox 640 3477 2014 4902">
    <p class='ocr_par' dir='ltr' id='par_1_11' title="bbox 640 3477 2014 4902">
     <span class='ocr_line' id='line_1_25' title="bbox 656 3477 2010 3563; baseline 0.006 -24"><span class='ocrx_word' id='word_1_211' title='bbox 656 3479 799 3539; x_wconf 80' lang='lat' dir='ltr'>tione</span> <span class='ocrx_word' id='word_1_212' title='bbox 830 3477 906 3538; x_wconf 84' lang='lat' dir='ltr'>ad</span> <span class='ocrx_word' id='word_1_213' title='bbox 935 3479 1259 3563; x_wconf 61' lang='lat' dir='ltr'>Polybium,</span> <span class='ocrx_word' id='word_1_214' title='bbox 1300 3497 1509 3546; x_wconf 87' lang='lat' dir='ltr'>morte</span> <span class='ocrx_word' id='word_1_215' title='bbox 1555 3481 1832 3555; x_wconf 53' lang='lat' dir='ltr'>fratem}</span> <span class='ocrx_word' id='word_1_216' title='bbox 1869 3499 2010 3547; x_wconf 78' lang='lat' dir='ltr'>rnae·</span> 
     </span>
     <span class='ocr_line' id='line_1_26' title="bbox 656 3559 2014 3652; baseline 0.004 -32"><span class='ocrx_word' id='word_1_217' title='bbox 656 3576 897 3622; x_wconf 86' lang='lat' dir='ltr'>rentem</span> <span class='ocrx_word' id='word_1_218' title='bbox 919 3607 939 3636; x_wconf 92' lang='lat'>,</span> <span class='ocrx_word' id='word_1_219' title='bbox 956 3559 1206 3652; x_wconf 78' lang='lat' dir='ltr'>scripiit.</span> <span class='ocrx_word' id='word_1_220' title='bbox 1221 3562 1568 3625; x_wconf 87' lang='lat' dir='ltr'>Homerum</span> <span class='ocrx_word' id='word_1_221' title='bbox 1587 3564 1656 3626; x_wconf 73' lang='grc' dir='ltr'>δε</span> <span class='ocrx_word' id='word_1_222' title='bbox 1673 3559 2014 3643; x_wconf 55' lang='lat' dir='ltr'>Virgilium⁸&gt;</span> 
     </span>
     <span class='ocr_line' id='line_1_27' title="bbox 658 3638 2009 3705; baseline 0.005 -7"><span class='ocrx_word' id='word_1_223' title='bbox 658 3639 1123 3703; x_wconf 73' lang='lat' dir='ltr'>commentariis</span> <span class='ocrx_word' id='word_1_224' title='bbox 1157 3638 1591 3704; x_wconf 86' lang='lat' dir='ltr'>illustraverat.</span> <span class='ocrx_word' id='word_1_225' title='bbox 1615 3642 1797 3705; x_wconf 88' lang='lat' dir='ltr'>Unde</span> <span class='ocrx_word' id='word_1_226' title='bbox 1823 3645 2009 3705; x_wconf 87' lang='lat' dir='ltr'>Sene-</span> 
     </span>
     <span class='ocr_line' id='line_1_28' title="bbox 657 3717 2009 3801; baseline 0.003 -24"><span class='ocrx_word' id='word_1_227' title='bbox 657 3734 767 3793; x_wconf 86' lang='lat' dir='ltr'>ca,</span> <span class='ocrx_word' id='word_1_228' title='bbox 801 3717 945 3780; x_wconf 88' lang='lat' dir='ltr'>libr.</span> <span class='ocrx_word' id='word_1_229' title='bbox 970 3717 1075 3781; x_wconf 86' lang='lat' dir='ltr'>cit.</span> <span class='ocrx_word' id='word_1_230' title='bbox 1112 3740 1181 3782; x_wconf 85' lang='lat' dir='ltr'>ca</span> <span class='ocrx_word' id='word_1_231' title='bbox 1231 3763 1248 3782; x_wconf 96' lang='lat'>.</span> <span class='ocrx_word' id='word_1_232' title='bbox 1287 3727 1389 3782; x_wconf 85' lang='lat'>26.</span> <span class='ocrx_word' id='word_1_233' title='bbox 1431 3718 1701 3780; x_wconf 83' lang='lat' dir='ltr'>Homerus</span> <span class='ocrx_word' id='word_1_234' title='bbox 1724 3719 1785 3781; x_wconf 65' lang='lat' dir='ltr'>Cr</span> <span class='ocrx_word' id='word_1_235' title='bbox 1813 3720 2009 3801; x_wconf 83' lang='lat' dir='ltr'>Virgi-</span> 
     </span>
     <span class='ocr_line' id='line_1_29' title="bbox 653 3792 2004 3879; baseline 0.004 -25"><span class='ocrx_word' id='word_1_236' title='bbox 653 3792 798 3873; x_wconf 81' lang='lat' dir='ltr'>lius,</span> <span class='ocrx_word' id='word_1_237' title='bbox 835 3814 951 3857; x_wconf 85' lang='lat' dir='ltr'>tam</span> <span class='ocrx_word' id='word_1_238' title='bbox 987 3796 1123 3858; x_wconf 84' lang='lat' dir='ltr'>bene</span> <span class='ocrx_word' id='word_1_239' title='bbox 1199 3818 1229 3857; x_wconf 92' lang='lat' dir='ltr'>e</span> <span class='ocrx_word' id='word_1_240' title='bbox 1271 3796 1503 3858; x_wconf 80' lang='lat' dir='ltr'>humano</span> <span class='ocrx_word' id='word_1_241' title='bbox 1537 3818 1746 3879; x_wconf 84' lang='lat' dir='ltr'>genere</span> <span class='ocrx_word' id='word_1_242' title='bbox 1781 3800 2004 3876; x_wconf 85' lang='lat' dir='ltr'>meriti,</span> 
     </span>
     <span class='ocr_line' id='line_1_30' title="bbox 654 3874 2006 3954; baseline 0.004 -20"><span class='ocrx_word' id='word_1_243' title='bbox 654 3877 809 3953; x_wconf 65' lang='lat' dir='ltr'>quam</span> <span class='ocrx_word' id='word_1_244' title='bbox 856 3893 915 3935; x_wconf 84' lang='lat' dir='ltr'>tu</span> <span class='ocrx_word' id='word_1_245' title='bbox 976 3874 1043 3938; x_wconf 87' lang='lat' dir='ltr'>de</span> <span class='ocrx_word' id='word_1_246' title='bbox 1091 3875 1339 3937; x_wconf 82' lang='lat' dir='ltr'>omnibus</span> <span class='ocrx_word' id='word_1_247' title='bbox 1381 3874 1444 3937; x_wconf 71' lang='lat' dir='ltr'>cr</span> <span class='ocrx_word' id='word_1_248' title='bbox 1484 3874 1551 3938; x_wconf 90' lang='lat' dir='ltr'>de</span> <span class='ocrx_word' id='word_1_249' title='bbox 1588 3875 1706 3937; x_wconf 79' lang='lat' dir='ltr'>illis</span> <span class='ocrx_word' id='word_1_250' title='bbox 1734 3876 2006 3954; x_wconf 79' lang='lat' dir='ltr'>meruisti,</span> 
     </span>
     <span class='ocr_line' id='line_1_31' title="bbox 688 3953 2008 4038; baseline 0.004 -26"><span class='ocrx_word' id='word_1_251' title='bbox 688 3973 783 4013; x_wconf 83' lang='lat' dir='ltr'>uos</span> <span class='ocrx_word' id='word_1_252' title='bbox 810 3953 1064 4028; x_wconf 79' lang='lat' dir='ltr'>pluribus</span> <span class='ocrx_word' id='word_1_253' title='bbox 1090 3974 1248 4016; x_wconf 84' lang='lat' dir='ltr'>notos</span> <span class='ocrx_word' id='word_1_254' title='bbox 1268 3956 1365 4036; x_wconf 69' lang='lat' dir='ltr'><em>ff</em></span> <span class='ocrx_word' id='word_1_255' title='bbox 1393 3953 1606 4038; x_wconf 62' lang='lat' dir='ltr'>voluisti</span> <span class='ocrx_word' id='word_1_256' title='bbox 1621 4003 1641 4033; x_wconf 91' lang='lat'>,</span> <span class='ocrx_word' id='word_1_257' title='bbox 1663 3956 2008 4037; x_wconf 75' lang='lat' dir='ltr'>qudmftrip-</span> 
     </span>
     <span class='ocr_line' id='line_1_32' title="bbox 640 3972 2008 4111; baseline 0.007 -22"><span class='ocrx_word' id='word_1_258' title='bbox 640 3972 875 4111; x_wconf 60' lang='lat' dir='ltr'>Jemnt,</span> <span class='ocrx_word' id='word_1_259' title='bbox 906 4034 1130 4095; x_wconf 67' lang='lat' dir='ltr'>multum</span> <span class='ocrx_word' id='word_1_260' title='bbox 1174 4053 1348 4095; x_wconf 83' lang='lat' dir='ltr'>tecum</span> <span class='ocrx_word' id='word_1_261' title='bbox 1383 4054 1679 4097; x_wconf 80' lang='lat' dir='ltr'>morentur.</span> <span class='ocrx_word' id='word_1_262' title='bbox 1720 4036 2008 4099; x_wconf 86' lang='lat' dir='ltr'>Fabellas</span> 
     </span>
     <span class='ocr_line' id='line_1_33' title="bbox 705 4112 2007 4197; baseline 0.003 -24"><span class='ocrx_word' id='word_1_263' title='bbox 705 4131 916 4191; x_wconf 89' lang='lat' dir='ltr'>uoque</span> <span class='ocrx_word' id='word_1_264' title='bbox 949 4112 1214 4194; x_wconf 86' lang='lat' dir='ltr'>scripfit,</span> <span class='ocrx_word' id='word_1_265' title='bbox 1251 4131 1319 4178; x_wconf 91' lang='lat' dir='ltr'>ut</span> <span class='ocrx_word' id='word_1_266' title='bbox 1371 4131 1545 4195; x_wconf 85' lang='lat' dir='ltr'>patet</span> <span class='ocrx_word' id='word_1_267' title='bbox 1599 4135 1678 4179; x_wconf 82' lang='lat' dir='ltr'>ex</span> <span class='ocrx_word' id='word_1_268' title='bbox 1734 4135 1868 4197; x_wconf 88' lang='lat' dir='ltr'>cap.</span> <span class='ocrx_word' id='word_1_269' title='bbox 1904 4137 2007 4194; x_wconf 84' lang='lat'>²7·</span> 
     </span>
     <span class='ocr_line' id='line_1_34' title="bbox 655 4131 2010 4272; baseline 0.004 -23"><span class='ocrx_word' id='word_1_270' title='bbox 655 4131 792 4249; x_wconf 51' lang='lat' dir='ltr'>glou</span> <span class='ocrx_word' id='word_1_271' title='bbox 823 4189 992 4252; x_wconf 84' lang='lat' dir='ltr'>audeo</span> <span class='ocrx_word' id='word_1_272' title='bbox 1028 4211 1080 4252; x_wconf 84' lang='lat' dir='ltr'>te</span> <span class='ocrx_word' id='word_1_273' title='bbox 1117 4194 1193 4272; x_wconf 83' lang='lat' dir='ltr'>us</span> <span class='ocrx_word' id='word_1_274' title='bbox 1206 4214 1271 4254; x_wconf 84' lang='lat' dir='ltr'>ue</span> <span class='ocrx_word' id='word_1_275' title='bbox 1300 4197 1359 4254; x_wconf 82' lang='lat' dir='ltr'>ed</span> <span class='ocrx_word' id='word_1_276' title='bbox 1385 4193 1720 4270; x_wconf 80' lang='lat' dir='ltr'>producere,</span> <span class='ocrx_word' id='word_1_277' title='bbox 1745 4212 1806 4254; x_wconf 85' lang='lat' dir='ltr'>ut</span> <span class='ocrx_word' id='word_1_278' title='bbox 1827 4193 2010 4270; x_wconf 84' lang='lat' dir='ltr'>sabel-</span> 
     </span>
     <span class='ocr_line' id='line_1_35' title="bbox 656 4214 2009 4365; baseline 0.007 -39"><span class='ocrx_word' id='word_1_279' title='bbox 656 4266 748 4327; x_wconf 85' lang='lat' dir='ltr'>las</span> <span class='ocrx_word' id='word_1_280' title='bbox 789 4288 986 4348; x_wconf 81' lang='lat' dir='ltr'>quoque</span> <span class='ocrx_word' id='word_1_281' title='bbox 1031 4269 1092 4331; x_wconf 71' lang='grc' dir='ltr'>ὓ*</span> <span class='ocrx_word' id='word_1_282' title='bbox 1142 4214 1400 4351; x_wconf 54' lang='lat' dir='ltr'>AEffipeos</span> <span class='ocrx_word' id='word_1_283' title='bbox 1448 4273 1637 4365; x_wconf 82' lang='lat' dir='ltr'>logos,</span> <span class='ocrx_word' id='word_1_284' title='bbox 1673 4273 2009 4335; x_wconf 82' lang='lat' dir='ltr'>intentatum</span> 
     </span>
     <span class='ocr_line' id='line_1_36' title="bbox 655 4344 2011 4434; baseline 0.007 -29"><span class='ocrx_word' id='word_1_285' title='bbox 655 4344 931 4406; x_wconf 84' lang='lat' dir='ltr'>Romanis</span> <span class='ocrx_word' id='word_1_286' title='bbox 955 4348 1198 4430; x_wconf 83' lang='lat' dir='ltr'>ingeniis</span> <span class='ocrx_word' id='word_1_287' title='bbox 1215 4372 1385 4428; x_wconf 79' lang='lat' dir='ltr'>opus,</span> <span class='ocrx_word' id='word_1_288' title='bbox 1407 4350 1580 4430; x_wconf 74' lang='lat' dir='ltr'>fhlztd</span> <span class='ocrx_word' id='word_1_289' title='bbox 1599 4351 1701 4413; x_wconf 79' lang='lat' dir='ltr'>ribi</span> <span class='ocrx_word' id='word_1_290' title='bbox 1732 4353 2011 4434; x_wconf 76' lang='lat' dir='ltr'>venustare</span> 
     </span>
     <span class='ocr_line' id='line_1_37' title="bbox 656 4425 2007 4508; baseline 0.007 -25"><span class='ocrx_word' id='word_1_291' title='bbox 656 4425 967 4488; x_wconf 54' lang='lat' dir='ltr'>conneaas.</span> <span class='ocrx_word' id='word_1_292' title='bbox 992 4429 1326 4495; x_wconf 87' lang='lat' dir='ltr'>Suetonius</span> <span class='ocrx_word' id='word_1_293' title='bbox 1347 4429 1416 4491; x_wconf 88' lang='lat' dir='ltr'>in</span> <span class='ocrx_word' id='word_1_294' title='bbox 1441 4430 1670 4492; x_wconf 87' lang='lat' dir='ltr'>Claud.</span> <span class='ocrx_word' id='word_1_295' title='bbox 1700 4433 1966 4495; x_wconf 84' lang='lat' dir='ltr'>XXVIII</span> <span class='ocrx_word' id='word_1_296' title='bbox 1987 4479 2007 4508; x_wconf 91' lang='lat'>,</span> 
     </span>
     <span class='ocr_line' id='line_1_38' title="bbox 656 4502 2006 4587; baseline 0.002 -21"><span class='ocrx_word' id='word_1_297' title='bbox 656 4502 778 4566; x_wconf 82' lang='lat' dir='ltr'>ait:</span> <span class='ocrx_word' id='word_1_298' title='bbox 833 4505 1104 4572; x_wconf 82' lang='lat' dir='ltr'>Claudio</span> <span class='ocrx_word' id='word_1_299' title='bbox 1139 4509 1315 4573; x_wconf 82' lang='lat' dir='ltr'>fuiffe</span> <span class='ocrx_word' id='word_1_300' title='bbox 1363 4506 1648 4587; x_wconf 59' lang='lat' dir='ltr'>Polybium</span> <span class='ocrx_word' id='word_1_301' title='bbox 1689 4526 1726 4563; x_wconf 86' lang='lat' dir='ltr'>a</span> <span class='ocrx_word' id='word_1_302' title='bbox 1818 4509 2006 4584; x_wconf 82' lang='lat' dir='ltr'>udiis,</span> 
     </span>
     <span class='ocr_line' id='line_1_39' title="bbox 688 4581 2006 4665; baseline 0.002 -24"><span class='ocrx_word' id='word_1_303' title='bbox 688 4581 743 4641; x_wconf 84' lang='lat' dir='ltr'>ui</span> <span class='ocrx_word' id='word_1_304' title='bbox 780 4583 934 4662; x_wconf 81' lang='lat' dir='ltr'>soepe</span> <span class='ocrx_word' id='word_1_305' title='bbox 978 4586 1126 4648; x_wconf 81' lang='lat' dir='ltr'>inter</span> <span class='ocrx_word' id='word_1_306' title='bbox 1178 4587 1313 4647; x_wconf 84' lang='lat' dir='ltr'>duos</span> <span class='ocrx_word' id='word_1_307' title='bbox 1373 4584 1612 4665; x_wconf 77' lang='lat' dir='ltr'>confides</span> <span class='ocrx_word' id='word_1_308' title='bbox 1666 4603 1756 4642; x_wconf 87' lang='lat' dir='ltr'>am</span> <span class='ocrx_word' id='word_1_309' title='bbox 1793 4585 2006 4645; x_wconf 82' lang='lat' dir='ltr'>ulabat.</span> 
     </span>
     <span class='ocr_line' id='line_1_40' title="bbox 707 4661 2008 4746; baseline 0.001 -24"><span class='ocrx_word' id='word_1_310' title='bbox 707 4681 811 4722; x_wconf 89' lang='lat' dir='ltr'>um</span> <span class='ocrx_word' id='word_1_311' title='bbox 848 4680 1076 4746; x_wconf 86' lang='lat' dir='ltr'>nempe</span> <span class='ocrx_word' id='word_1_312' title='bbox 1111 4667 1172 4726; x_wconf 83' lang='lat' dir='ltr'>in</span> <span class='ocrx_word' id='word_1_313' title='bbox 1212 4665 1462 4725; x_wconf 84' lang='lat' dir='ltr'>altiorem</span> <span class='ocrx_word' id='word_1_314' title='bbox 1495 4661 1741 4723; x_wconf 82' lang='lat' dir='ltr'>ordinem</span> <span class='ocrx_word' id='word_1_315' title='bbox 1766 4662 1827 4721; x_wconf 71' lang='grc' dir='ltr'>ὃ·</span> <span class='ocrx_word' id='word_1_316' title='bbox 1855 4684 2008 4723; x_wconf 84' lang='lat' dir='ltr'>amor</span> 
     </span>
     <span class='ocr_line' id='line_1_41' title="bbox 658 4737 2010 4825; baseline 0.003 -26"><span class='ocrx_word' id='word_1_317' title='bbox 658 4737 895 4818; x_wconf 78' lang='lat' dir='ltr'>Coefizris</span> <span class='ocrx_word' id='word_1_318' title='bbox 940 4744 1141 4804; x_wconf 84' lang='lat' dir='ltr'>extulit</span> <span class='ocrx_word' id='word_1_319' title='bbox 1158 4793 1180 4823; x_wconf 88' lang='lat'>‚</span> <span class='ocrx_word' id='word_1_320' title='bbox 1206 4740 1464 4825; x_wconf 71' lang='lat' dir='ltr'>&amp;studia</span> <span class='ocrx_word' id='word_1_321' title='bbox 1499 4739 1881 4820; x_wconf 80' lang='lat' dir='ltr'>deduxerunt,</span> <span class='ocrx_word' id='word_1_322' title='bbox 1903 4745 2010 4803; x_wconf 82' lang='lat' dir='ltr'>Se-</span> 
     </span>
     <span class='ocr_line' id='line_1_42' title="bbox 652 4837 1125 4902; baseline 0.006 -23"><span class='ocrx_word' id='word_1_323' title='bbox 652 4837 791 4881; x_wconf 82' lang='lat' dir='ltr'>nec.</span> <span class='ocrx_word' id='word_1_324' title='bbox 839 4840 974 4900; x_wconf 87' lang='lat' dir='ltr'>cap.</span> <span class='ocrx_word' id='word_1_325' title='bbox 1022 4844 1057 4883; x_wconf 84' lang='lat'><em>2</em></span> <span class='ocrx_word' id='word_1_326' title='bbox 1068 4842 1125 4902; x_wconf 91' lang='lat'>5.</span> 
     </span>
    </p>
   </div>
   <div class='ocr_carea' id='block_1_11' title="bbox 2083 3479 3446 4508">
    <p class='ocr_par' dir='ltr' id='par_1_12' title="bbox 2083 3479 3446 4508">
     <span class='ocr_line' id='line_1_43' title="bbox 2163 3479 3442 3563; baseline -0.005 -14"><span class='ocrx_word' id='word_1_327' title='bbox 2163 3494 2189 3527; x_wconf 86' lang='lat'><em>²</em></span> <span class='ocrx_word' id='word_1_328' title='bbox 2206 3486 2418 3554; x_wconf 70' lang='lat' dir='ltr'>Decus</span> <span class='ocrx_word' id='word_1_329' title='bbox 2438 3485 2771 3559; x_wconf 63' lang='lat' dir='ltr'>ona-murt]</span> <span class='ocrx_word' id='word_1_330' title='bbox 2794 3481 2948 3557; x_wconf 88' lang='lat' dir='ltr'>Dio,</span> <span class='ocrx_word' id='word_1_331' title='bbox 2966 3479 3111 3544; x_wconf 90' lang='lat' dir='ltr'>libr.</span> <span class='ocrx_word' id='word_1_332' title='bbox 3129 3482 3266 3542; x_wconf 89' lang='lat' dir='ltr'>LX.</span> <span class='ocrx_word' id='word_1_333' title='bbox 3294 3497 3442 3563; x_wconf 72' lang='lat' dir='ltr'>pag.</span> 
     </span>
     <span class='ocr_line' id='line_1_44' title="bbox 2083 3569 3206 3649; baseline -0.009 -20"><span class='ocrx_word' id='word_1_334' title='bbox 2083 3569 2163 3629; x_wconf 83' lang='lat'>68</span> <span class='ocrx_word' id='word_1_335' title='bbox 2173 3585 2229 3645; x_wconf 91' lang='lat'>5.</span> <span class='ocrx_word' id='word_1_336' title='bbox 3193 3637 3206 3649; x_wconf 37' lang='grc' dir='ltr'><strong><em>ο</em></strong></span> 
     </span>
     <span class='ocr_line' id='line_1_45' title="bbox 2166 3637 3440 3714; baseline -0.005 -6"><span class='ocrx_word' id='word_1_337' title='bbox 2166 3647 2658 3707; x_wconf 65' lang='lat' dir='ltr'>³0s1-0111us</span> <span class='ocrx_word' id='word_1_338' title='bbox 2695 3645 2732 3703; x_wconf 89' lang='lat' dir='ltr'>S</span> <span class='ocrx_word' id='word_1_339' title='bbox 2756 3661 2953 3703; x_wconf 58' lang='lat' dir='ltr'>caru</span> <span class='ocrx_word' id='word_1_340' title='bbox 2977 3661 3060 3703; x_wconf 77' lang='grc' dir='ltr'>ιΑ</span> <span class='ocrx_word' id='word_1_341' title='bbox 3088 3637 3440 3714; x_wconf 82' lang='lat' dir='ltr'>]V1rbello</span> 
     </span>
     <span class='ocr_line' id='line_1_46' title="bbox 2084 3716 3442 3879; baseline -0.005 -17"><span class='ocrx_word' id='word_1_342' title='bbox 2084 3721 2370 3863; x_wconf 50' lang='grc' dir='ltr'>ξὲιῖῗὲἰὸῒ</span> <span class='ocrx_word' id='word_1_343' title='bbox 2393 3738 2533 3879; x_wconf 67' lang='grc' dir='ltr'>’ςίῗὲ</span> <span class='ocrx_word' id='word_1_344' title='bbox 2567 3716 3442 3875; x_wconf 48' lang='grc' dir='ltr'>ἓξὲῗέἒῖηἷξῖῗᾞὲώᾼὲἆὶῗ·</span> 
     </span>
     <span class='ocr_line' id='line_1_47' title="bbox 2234 3841 3439 3873; baseline -0.003 -11"><span class='ocrx_word' id='word_1_345' title='bbox 2234 3846 2251 3862; x_wconf 92' lang='grc'><strong>.</strong></span> <span class='ocrx_word' id='word_1_346' title='bbox 3230 3841 3246 3859; x_wconf 93' lang='grc'><strong>.</strong></span> <span class='ocrx_word' id='word_1_347' title='bbox 3416 3843 3439 3873; x_wconf 89' lang='grc'><strong><em>,</em></strong></span> 
     </span>
     <span class='ocr_line' id='line_1_48' title="bbox 2138 3877 2484 3942; baseline 0.009 -4"><span class='ocrx_word' id='word_1_348' title='bbox 2138 3901 2157 3938; x_wconf 88' lang='lat'>1</span> <span class='ocrx_word' id='word_1_349' title='bbox 2214 3879 2286 3942; x_wconf 86' lang='lat'>&amp;</span> <span class='ocrx_word' id='word_1_350' title='bbox 2311 3877 2371 3941; x_wconf 87' lang='lat' dir='ltr'>se</span> <span class='ocrx_word' id='word_1_351' title='bbox 2468 3925 2484 3941; x_wconf 95' lang='lat'>.</span> 
     </span>
     <span class='ocr_line' id='line_1_49' title="bbox 2090 3899 3446 4032; baseline -0.005 -12"><span class='ocrx_word' id='word_1_352' title='bbox 2090 3900 2117 3957; x_wconf 74' lang='lat'><em>3</em></span> <span class='ocrx_word' id='word_1_353' title='bbox 2161 3967 2194 4006; x_wconf 85' lang='grc'><strong>4</strong></span> <span class='ocrx_word' id='word_1_354' title='bbox 2233 3899 2547 4020; x_wconf 47' lang='lat' dir='ltr'>Duff-m</span> <span class='ocrx_word' id='word_1_355' title='bbox 2582 3955 2897 4028; x_wconf 70' lang='lat' dir='ltr'>cvm-10]</span> <span class='ocrx_word' id='word_1_356' title='bbox 2941 3953 3127 4028; x_wconf 80' lang='lat' dir='ltr'>Haec,</span> <span class='ocrx_word' id='word_1_357' title='bbox 3185 3951 3254 4015; x_wconf 91' lang='lat'>&amp;</span> <span class='ocrx_word' id='word_1_358' title='bbox 3305 3971 3446 4032; x_wconf 79' lang='lat' dir='ltr'>quae</span> 
     </span>
     <span class='ocr_line' id='line_1_50' title="bbox 2084 4031 3443 4128; baseline -0.003 -31"><span class='ocrx_word' id='word_1_359' title='bbox 2084 4035 2425 4128; x_wconf 77' lang='lat' dir='ltr'>sequuntur</span> <span class='ocrx_word' id='word_1_360' title='bbox 2447 4083 2467 4112; x_wconf 92' lang='lat'>,</span> <span class='ocrx_word' id='word_1_361' title='bbox 2505 4034 2842 4097; x_wconf 87' lang='lat' dir='ltr'>Suetonius</span> <span class='ocrx_word' id='word_1_362' title='bbox 2868 4033 2938 4093; x_wconf 90' lang='lat' dir='ltr'>in</span> <span class='ocrx_word' id='word_1_363' title='bbox 2962 4031 3166 4095; x_wconf 86' lang='lat' dir='ltr'>Claud</span> <span class='ocrx_word' id='word_1_364' title='bbox 3212 4034 3443 4094; x_wconf 87' lang='lat' dir='ltr'>XXIV.</span> 
     </span>
     <span class='ocr_line' id='line_1_51' title="bbox 2086 4108 3444 4200; baseline -0.004 -24"><span class='ocrx_word' id='word_1_365' title='bbox 2086 4113 2648 4194; x_wconf 74' lang='lat' dir='ltr'>Triumphantem‚</span> <span class='ocrx_word' id='word_1_366' title='bbox 2677 4113 2853 4195; x_wconf 88' lang='lat' dir='ltr'>quod</span> <span class='ocrx_word' id='word_1_367' title='bbox 2877 4110 3125 4200; x_wconf 37' lang='lat' dir='ltr'>non—est</span> <span class='ocrx_word' id='word_1_368' title='bbox 3156 4131 3232 4173; x_wconf 84' lang='lat' dir='ltr'>ex</span> <span class='ocrx_word' id='word_1_369' title='bbox 3262 4108 3444 4199; x_wconf 76' lang='lat' dir='ltr'>hujus</span> 
     </span>
     <span class='ocr_line' id='line_1_52' title="bbox 2085 4190 3442 4271; baseline -0.006 -14"><span class='ocrx_word' id='word_1_370' title='bbox 2085 4194 2281 4259; x_wconf 78' lang='lat' dir='ltr'>aetatis</span> <span class='ocrx_word' id='word_1_371' title='bbox 2316 4194 2460 4271; x_wconf 86' lang='lat' dir='ltr'>usu,</span> <span class='ocrx_word' id='word_1_372' title='bbox 2486 4191 2795 4256; x_wconf 86' lang='lat' dir='ltr'>Plautium</span> <span class='ocrx_word' id='word_1_373' title='bbox 2827 4190 3071 4252; x_wconf 74' lang='lat' dir='ltr'>induclt</span> <span class='ocrx_word' id='word_1_374' title='bbox 3107 4191 3442 4267; x_wconf 76' lang='lat' dir='ltr'>Eutropius</span> 
     </span>
     <span class='ocr_line' id='line_1_53' title="bbox 2085 4266 3443 4346; baseline -0.008 -11"><span class='ocrx_word' id='word_1_375' title='bbox 2085 4272 2155 4335; x_wconf 91' lang='lat' dir='ltr'>in</span> <span class='ocrx_word' id='word_1_376' title='bbox 2194 4275 2420 4337; x_wconf 85' lang='lat' dir='ltr'>Claud.</span> <span class='ocrx_word' id='word_1_377' title='bbox 2457 4270 2599 4333; x_wconf 84' lang='lat' dir='ltr'>Tam</span> <span class='ocrx_word' id='word_1_378' title='bbox 2642 4270 2828 4333; x_wconf 81' lang='lat' dir='ltr'>civilis</span> <span class='ocrx_word' id='word_1_379' title='bbox 2852 4269 3000 4328; x_wconf 84' lang='lat' dir='ltr'>circa</span> <span class='ocrx_word' id='word_1_380' title='bbox 3024 4266 3270 4346; x_wconf 76' lang='lat' dir='ltr'>quosdam</span> <span class='ocrx_word' id='word_1_381' title='bbox 3296 4266 3443 4325; x_wconf 87' lang='lat' dir='ltr'>ami-</span> 
     </span>
     <span class='ocr_line' id='line_1_54' title="bbox 2087 4343 3441 4436; baseline -0.009 -24"><span class='ocrx_word' id='word_1_382' title='bbox 2087 4373 2179 4412; x_wconf 80' lang='lat' dir='ltr'>cos</span> <span class='ocrx_word' id='word_1_383' title='bbox 2216 4352 2424 4433; x_wconf 72' lang='lat' dir='ltr'>exstitit</span> <span class='ocrx_word' id='word_1_384' title='bbox 2466 4350 2808 4423; x_wconf 87' lang='lat' dir='ltr'>Claudius,</span> <span class='ocrx_word' id='word_1_385' title='bbox 2857 4365 2916 4406; x_wconf 83' lang='lat' dir='ltr'>ut</span> <span class='ocrx_word' id='word_1_386' title='bbox 2948 4347 3114 4436; x_wconf 61' lang='lat' dir='ltr'>etg&#39;apz</span> <span class='ocrx_word' id='word_1_387' title='bbox 3155 4343 3441 4433; x_wconf 52' lang='lat' dir='ltr'>Plancium</span> 
     </span>
     <span class='ocr_line' id='line_1_55' title="bbox 2085 4420 3443 4508; baseline -0.008 -18"><span class='ocrx_word' id='word_1_388' title='bbox 2085 4432 2317 4493; x_wconf 86' lang='lat' dir='ltr'>nobilem</span> <span class='ocrx_word' id='word_1_389' title='bbox 2344 4432 2561 4507; x_wconf 77' lang='lat' dir='ltr'>virum,</span> <span class='ocrx_word' id='word_1_390' title='bbox 2600 4430 2689 4508; x_wconf 82' lang='lat' dir='ltr'>qui</span> <span class='ocrx_word' id='word_1_391' title='bbox 2728 4429 2789 4487; x_wconf 87' lang='lat' dir='ltr'>in</span> <span class='ocrx_word' id='word_1_392' title='bbox 2821 4422 3163 4501; x_wconf 71' lang='lat' dir='ltr'>expedztzone</span> <span class='ocrx_word' id='word_1_393' title='bbox 3204 4420 3443 4480; x_wconf 80' lang='lat' dir='ltr'>Brztan-</span> 
     </span>
    </p>
   </div>
   <div class='ocr_carea' id='block_1_12' title="bbox 2085 4498 3444 4587">
    <p class='ocr_par' dir='ltr' id='par_1_13' title="bbox 2085 4498 3444 4587">
     <span class='ocr_line' id='line_1_56' title="bbox 2085 4498 3444 4587; baseline -0.009 -17"><span class='ocrx_word' id='word_1_394' title='bbox 2085 4511 2216 4570; x_wconf 82' lang='lat' dir='ltr'>nicd</span> <span class='ocrx_word' id='word_1_395' title='bbox 2251 4510 2423 4571; x_wconf 83' lang='lat' dir='ltr'>multa</span> <span class='ocrx_word' id='word_1_396' title='bbox 2462 4530 2532 4567; x_wconf 84' lang='lat' dir='ltr'>ac</span> <span class='ocrx_word' id='word_1_397' title='bbox 2558 4505 2786 4587; x_wconf 80' lang='lat' dir='ltr'>egregia</span> <span class='ocrx_word' id='word_1_398' title='bbox 2802 4503 3057 4578; x_wconf 81' lang='lat' dir='ltr'>fecerat,</span> <span class='ocrx_word' id='word_1_399' title='bbox 3097 4498 3444 4573; x_wconf 76' lang='lat' dir='ltr'>triumphan-</span> 
     </span>
    </p>
   </div>
   <div class='ocr_carea' id='block_1_13' title="bbox 2091 4575 3501 4677">
    <p class='ocr_par' dir='ltr' id='par_1_14' title="bbox 2091 4575 3501 4677">
     <span class='ocr_line' id='line_1_57' title="bbox 2091 4575 3501 4677; baseline -0.008 -29"><span class='ocrx_word' id='word_1_400' title='bbox 2091 4608 2197 4648; x_wconf 83' lang='lat' dir='ltr'>tem</span> <span class='ocrx_word' id='word_1_401' title='bbox 2229 4587 2336 4666; x_wconf 73' lang='lat' dir='ltr'>ipse</span> <span class='ocrx_word' id='word_1_402' title='bbox 2356 4589 2794 4677; x_wconf 70' lang='lat' dir='ltr'>prosequeretur,</span> <span class='ocrx_word' id='word_1_403' title='bbox 2826 4580 2887 4640; x_wconf 70' lang='lat' dir='ltr'>Cr</span> <span class='ocrx_word' id='word_1_404' title='bbox 2927 4575 3305 4657; x_wconf 79' lang='lat' dir='ltr'>conscendenti</span> <span class='ocrx_word' id='word_1_405' title='bbox 3329 4583 3445 4643; x_wconf 85' lang='lat' dir='ltr'>Ca-</span> <span class='ocrx_word' id='word_1_406' title='bbox 3498 4611 3501 4612; x_wconf 25' lang='grc' dir='ltr'><em>ν</em></span> 
     </span>
    </p>
   </div>
   <div class='ocr_carea' id='block_1_14' title="bbox 2085 4661 3445 4841">
    <p class='ocr_par' dir='ltr' id='par_1_15' title="bbox 2085 4661 3445 4841">
     <span class='ocr_line' id='line_1_58' title="bbox 2085 4661 2869 4741; baseline -0.01 -12"><span class='ocrx_word' id='word_1_407' title='bbox 2085 4663 2336 4741; x_wconf 77' lang='grc' dir='ltr'>Ρίτοῖἶιιπι</span> <span class='ocrx_word' id='word_1_408' title='bbox 2365 4665 2538 4725; x_wconf 76' lang='lat' dir='ltr'>laevus</span> <span class='ocrx_word' id='word_1_409' title='bbox 2571 4661 2869 4723; x_wconf 71' lang='lat' dir='ltr'>zncederetL</span> 
     </span>
     <span class='ocr_line' id='line_1_59' title="bbox 2174 4734 3445 4841; baseline -0.005 -37"><span class='ocrx_word' id='word_1_410' title='bbox 2174 4754 2192 4797; x_wconf 88' lang='lat'><em>5</em></span> <span class='ocrx_word' id='word_1_411' title='bbox 2239 4746 2337 4804; x_wconf 80' lang='lat' dir='ltr'>UT</span> <span class='ocrx_word' id='word_1_412' title='bbox 2379 4765 2460 4803; x_wconf 73' lang='lat' dir='ltr'>na</span> <span class='ocrx_word' id='word_1_413' title='bbox 2493 4745 2707 4816; x_wconf 70' lang='lat' dir='ltr'>FERA]</span> <span class='ocrx_word' id='word_1_414' title='bbox 2746 4738 2912 4841; x_wconf 77' lang='lat' dir='ltr'>Dio,</span> <span class='ocrx_word' id='word_1_415' title='bbox 2955 4734 3101 4798; x_wconf 87' lang='lat' dir='ltr'>libr.</span> <span class='ocrx_word' id='word_1_416' title='bbox 3133 4736 3270 4796; x_wconf 85' lang='lat' dir='ltr'>LX.</span> <span class='ocrx_word' id='word_1_417' title='bbox 3298 4755 3445 4840; x_wconf 49' lang='lat' dir='ltr'>plag.</span> 
     </span>
    </p>
   </div>
   <div class='ocr_carea' id='block_1_15' title="bbox 2093 4814 3451 4899">
    <p class='ocr_par' dir='ltr' id='par_1_16' title="bbox 2093 4814 3451 4899">
     <span class='ocr_line' id='line_1_60' title="bbox 2093 4814 3451 4899; baseline -0.003 -19"><span class='ocrx_word' id='word_1_418' title='bbox 2093 4823 2232 4899; x_wconf 84' lang='lat'>685.</span> <span class='ocrx_word' id='word_1_419' title='bbox 2283 4819 2468 4879; x_wconf 55' lang='lat' dir='ltr'>&#39;Ean-bv</span> <span class='ocrx_word' id='word_1_420' title='bbox 2515 4818 2630 4890; x_wconf 60' lang='grc' dir='ltr'>’ὅτ-ι,</span> <span class='ocrx_word' id='word_1_421' title='bbox 2669 4823 2759 4877; x_wconf 85' lang='grc' dir='ltr'>’ου</span> <span class='ocrx_word' id='word_1_422' title='bbox 2813 4846 2894 4877; x_wconf 73' lang='grc' dir='ltr'>τον</span> <span class='ocrx_word' id='word_1_423' title='bbox 2940 4815 3085 4876; x_wconf 58' lang='lat' dir='ltr'>adv-bu</span> <span class='ocrx_word' id='word_1_424' title='bbox 3125 4814 3224 4896; x_wconf 66' lang='grc' dir='ltr'>χρῗι</span> <span class='ocrx_word' id='word_1_425' title='bbox 3263 4842 3451 4896; x_wconf 60' lang='lat' dir='ltr'>rpem-u</span> 
     </span>
    </p>
   </div>
   <div class='ocr_carea' id='block_1_16' title="bbox 733 4894 2979 4982">
    <p class='ocr_par' dir='ltr' id='par_1_17' title="bbox 733 4894 2979 4982">
     <span class='ocr_line' id='line_1_61' title="bbox 733 4894 2979 4982; baseline -0.001 -23"><span class='ocrx_word' id='word_1_426' title='bbox 733 4909 753 4937; x_wconf 90' lang='lat'><em>¹</em></span> <span class='ocrx_word' id='word_1_427' title='bbox 785 4901 996 4960; x_wconf 63' lang='lat' dir='ltr'>Sura».</span> <span class='ocrx_word' id='word_1_428' title='bbox 1022 4899 2004 4982; x_wconf 67' lang='lat' dir='ltr'>mauonAv1]1nSupplemento</span> <span class='ocrx_word' id='word_1_429' title='bbox 2088 4899 2285 4976; x_wconf 59' lang='grc' dir='ltr'>ψάλλειν</span> <span class='ocrx_word' id='word_1_430' title='bbox 2319 4926 2374 4959; x_wconf 74' lang='grc' dir='ltr'>τι</span> <span class='ocrx_word' id='word_1_431' title='bbox 2410 4907 2457 4980; x_wconf 67' lang='grc' dir='ltr'>ις</span> <span class='ocrx_word' id='word_1_432' title='bbox 2482 4894 2651 4974; x_wconf 65' lang='grc' dir='ltr'><strong><em>θηρίον</em></strong></span> <span class='ocrx_word' id='word_1_433' title='bbox 2687 4897 2979 4973; x_wconf 67' lang='grc' dir='ltr'>ἇμόκιθιι.</span> 
     </span>
    </p>
   </div>
   <div class='ocr_carea' id='block_1_17' title="bbox 649 4971 1110 5057">
    <p class='ocr_par' dir='ltr' id='par_1_18' title="bbox 649 4971 1110 5057">
     <span class='ocr_line' id='line_1_62' title="bbox 649 4971 1110 5057; baseline 0.007 -20"><span class='ocrx_word' id='word_1_434' title='bbox 649 4975 880 5040; x_wconf 78' lang='lat' dir='ltr'>Annal.</span> <span class='ocrx_word' id='word_1_435' title='bbox 911 4971 970 5040; x_wconf 89' lang='lat' dir='ltr'>X</span> <span class='ocrx_word' id='word_1_436' title='bbox 996 5021 1017 5055; x_wconf 92' lang='lat'>‚</span> <span class='ocrx_word' id='word_1_437' title='bbox 1050 4996 1110 5057; x_wconf 86' lang='lat'>5.</span> 
     </span>
    </p>
   </div>
   <div class='ocr_carea' id='block_1_18' title="bbox 3538 826 3685 995">
    <p class='ocr_par' dir='ltr' id='par_1_19' title="bbox 3538 826 3685 995">
     <span class='ocr_line' id='line_1_63' title="bbox 3538 826 3685 886; baseline 0 0"><span class='ocrx_word' id='word_1_438' title='bbox 3538 826 3685 886; x_wconf 85' lang='lat'>800.</span> 
     </span>
     <span class='ocr_line' id='line_1_64' title="bbox 3547 943 3684 995; baseline 0.022 -3"><span class='ocrx_word' id='word_1_439' title='bbox 3547 944 3592 992; x_wconf 86' lang='lat' dir='ltr'>J.</span> <span class='ocrx_word' id='word_1_440' title='bbox 3615 943 3684 995; x_wconf 89' lang='lat' dir='ltr'>C.</span> 
     </span>
    </p>
   </div>
   <div class='ocr_carea' id='block_1_19' title="bbox 3554 1042 3663 1112">
    <p class='ocr_par' dir='ltr' id='par_1_20' title="bbox 3554 1042 3663 1112">
     <span class='ocr_line' id='line_1_65' title="bbox 3554 1042 3663 1112; baseline 0.018 -2"><span class='ocrx_word' id='word_1_441' title='bbox 3554 1042 3663 1112; x_wconf 82' lang='lat'><em>47&#39;·</em></span> 
     </span>
    </p>
   </div>
  </div>
 </body>
</html>
