4975 6149
1166 565 1403 618 Ξ

1172 649 1237 700 Α.
1256 649 1321 696 U.
1338 645 1405 695 C.

1212 736 1366 796 802.

1208 838 1259 889 J.
1294 839 1362 888 C.

1230 946 1347 1005 49·

1452 387 1669 483 54.
1927 354 3760 452 o.conNEL11TAch1

1449 534 1722 636 mitis,
1763 518 2167 617 dubitavit
2222 554 2497 613 tamen
2524 585 2554 631 ,
2605 528 2979 641 accipere
3030 528 3446 643 captivum
3485 528 3720 643 pacto
3769 522 4097 638 salutis,
4133 532 4241 621 an*

1453 689 1817 780 repetere
1851 661 2087 744 armis
2111 715 2139 759 ,
2168 659 2452 739 rectius
2483 654 2723 737 foret.
2754 656 2951 739 Huc
2993 653 3232 741 dolor
3274 651 3748 763 injuriarum
3778 717 3806 759 ,
3847 667 3928 742 &
3976 658 4238 747 libido

1453 791 1817 881 vindictae
1848 782 2264 898 adigebat.
2299 781 2464 866 Sed
2513 780 3026 866 differebatur
3069 781 3401 868 contra:
3482 815 3527 859 c<
3564 785 3886 900 Suscipi
3928 784 4238 870 bellum

1451 920 1707 1003 »avio
1749 917 2080 1015 itinere,
2128 911 2639 1026 importuoso
2682 913 2921 994 mari:
2967 910 3068 995 ad
3103 914 3269 996 hoc
3308 938 3536 1023 reges
3577 910 3944 1008 feroces;
3985 944 4237 1028 vagos

1448 1040 1917 1161 »populos;
1981 1036 2247 1122 solum
2294 1039 2622 1149 frugum
2671 1065 2964 1147 egens:
3019 1062 3195 1120 tum
3246 1037 3713 1122 taedium‘ex
3758 1035 3983 1125 mori)⁴
4009 1102 4038 1149 ,
4089 1071 4234 1155 pe-
4355 1065 4404 1147 5

1452 1169 1777 1255 »ricula
1825 1196 1928 1253 ex
1968 1163 2481 1283 properantia
2512 1194 2536 1261 ;
2580 1163 2992 1247 modicam
3041 1162 3474 1248 victoribus
3502 1162 3827 1250 laudem
3854 1228 3883 1271 ,
3919 1199 4015 1251 ac
4040 1166 4242 1251 mul-

1454 1326 1696 1384 »tum
1727 1296 2067 1380 infamiae
2084 1354 2111 1399 ,
2142 1295 2198 1375 s1
2220 1286 2754 1407 pellerentur:
2788 1293 2984 1401 quin
3015 1294 3399 1407 arriperet
3423 1287 3697 1377 oblata
3718 1352 3748 1398 ,
3779 1302 3865 1379 δε
3895 1296 4244 1380 servaret

1448 1462 1506 1510 ο)
1525 1422 1888 1510 exsulem
1933 1458 1952 1506 ε
2004 1423 2141 1506 cui
2200 1420 2428 1531 inopi
2478 1421 2782 1529 quanto
2852 1415 3313 1530 longiorem
3377 1422 3688 1524 vitam,
3766 1432 3999 1506 tanto
4061 1419 4244 1537 plus

1451 1548 1906 1667 »supplicii
1952 1549 2126 1632 fore
2162 1579 2250 1628 ».
2302 1547 2458 1629 His
2501 1569 2914 1660 permotus
2936 1603 2965 1649 ,
3011 1546 3316 1662 scripsit
3349 1545 3734 1651 Eunoni,
3790 1582 3836 1623 c<
3866 1552 4247 1633 meritum

1452 1678 1852 1793 »quidem
1904 1673 2321 1757 novissima
2371 1669 2746 1788 exempla
2803 1673 3425 1780 Mithridatem,
3505 1705 3660 1758 nec
3724 1673 3865 1758 fibi
3925 1678 4097 1760 vim
4148 1677 4247 1760 ad
4315 1702 4417 1763 10

1454 1801 2128 1912 »exsequendum
2169 1798 2472 1884 deeffe:
2519 1803 2800 1884 verum
2848 1802 2961 1883 ita
3001 1797 3439 1908 majoribus
3472 1799 3864 1915 placitum
3891 1860 3917 1905 ,
3953 1802 4251 1912 quanta

1454 1924 1984 2046 »pervicacia
2027 1929 2114 2010 in
2157 1928 2467 2012 hostem
2492 1984 2521 2030 ,
2569 1922 2795 2012 tanta
2838 1925 3379 2013 beneficentia
3421 1929 3796 2013 adversus
3841 1928 4248 2044 supplices

1462 2057 1965 2142 »utendumz
2020 2081 2207 2135 nam
2255 2055 2711 2163 triumphos
2767 2053 2869 2134 de
2942 2051 3271 2166 populis
3329 2063 3351 2099 ¹
3419 2055 3844 2165 regnisque
3918 2058 4254 2169 integris

1459 2215 1512 2263 o>
1533 2182 1842 2290 adquiri
1869 2214 1914 2256 n
1934 2239 1956 2263 .
2310 2192 2313 2197 ’
3123 2212 3128 2217 ·

1460 2342 1469 2351 ·
1591 2306 1860 2391 XXI.
1923 2305 2457 2389 TRAm‘rth
2519 2304 2695 2418 post
2755 2306 2921 2389 hoc
2969 2301 3549 2410 Mithridates,
3599 2305 4032 2416 veRusque
4073 2302 4253 2390 Ro'-
4324 2327 4435 2413 15·

1464 2463 1686 2521 mam
1753 2461 1896 2550 per
1956 2433 2295 2524 Junium
2349 2425 2736 2514 Cilonem
2760 2489 2790 2535 ,
2844 2457 3455 2547 procuratorem
3503 2434 3796 2536 Ponti,
3844 2433 4194 2518 ferocius
4224 2492 4257 2539 ,

1466 2559 1714 2675 quam
1766 2589 1912 2675 pro
1964 2554 2290 2642 fortuna
2335 2556 2766 2643 differuisse
2813 2558 3029 2672 apud
3078 2558 3472 2644 Caesarem
3510 2556 3940 2644 ferebatur.
3979 2557 4258 2644 Elata-

1452 2718 1631 2801 ‚que
1682 2716 1854 2772 vox
1903 2681 2074 2794 ejus
2119 2687 2204 2767 in
2253 2682 2596 2797 vulgum
2663 2684 2885 2789 hisce
2937 2684 3251 2770 verbis:
3314 2720 3360 2763 <c
3405 2690 3610 2771 Non
3668 2683 3842 2769 suni
3900 2689 4259 2772 remiss‘us

1470 2848 1521 2894 ι)
1541 2815 1641 2900 ad
1670 2841 1751 2899 te
1767 2874 1794 2919 ,
1826 2812 1963 2897 sed
1995 2813 2399 2897 reversus:
2431 2810 2622 2916 vel,
2656 2812 2712 2892 fi
2742 2841 2911 2897 non
2949 2812 3211 2897 credis
3237 2872 3264 2915 ,
3307 2813 3625 2898 dimitte
3650 2872 3679 2918 ,
3727 2822 3808 2898 ὃς
3840 2843 4095 2925 quaere
4119 2822 4147 2857 ²
4173 2844 4259 2894 »ι

1468 2938 1713 3026 'vultu
1769 2969 2091 3051 quoque
2141 2941 2566 3024 interrito³
2625 2940 3091 3056 permansit,
3134 2945 3324 3024 cum
3375 2944 3618 3025 rostra
3661 2938 3939 3046 juxta,
4002 2942 4262 3025 custo-
4315 2967 4430 3031 20

1467 3064 1709 3154 dibus
1763 3064 2361 3171 circumdatus,
2401 3066 2613 3150 visui
2672 3062 2984 3184 populo
3047 3064 3555 3179 praeberetur.
3611 3062 4093 3154 Consularia
4143 3068 4265 3154 in-

1474 3195 1727 3306 signia
1754 3203 1793 3252 4
1830 3191 2166 3296 Ciloni,
2206 3191 2520 3303 Aquilae
2562 3195 2931 3306 praetoria
2961 3200 2991 3256 5
3034 3191 3611 3278 decernuntur.
3813 3200 3817 3204 ⁴

1604 3319 1866 3404 XXI
1891 3318 1957 3401 Ι.
2024 3319 2179 3402 I1s
2208 3346 2265 3402 n
2298 3344 2340 3400 E
2369 3345 2433 3401 M
2502 3315 2967 3403 consulibus
2994 3377 3022 3421 ,
3078 3345 3314 3403 atrox
3363 3321 3530 3404 odii
3595 3319 4048 3434 Agrippina
4074 3379 4104 3422 ,
4167 3349 4267 3405 ac

1470 3444 1768 3530 Lolliae
1816 3445 2168 3549 infensa,
2210 3446 2434 3556 quod
2487 3446 2763 3531 secum
2821 3445 2923 3530 de
2976 3448 3501 3529 matrimonio
3555 3449 3952 3561 Principis
4010 3472 4271 3531 certa-

1483 3572 1713 3656 viss‘et
1763 3566 1851 3671 ⁶,
1916 3568 2254 3657 molitur
2331 3575 2670 3657 crimina
2710 3630 2740 3676 ,
2808 3581 2892 3656 ὅ(
2967 3571 3522 3657 accusatorem
3571 3633 3600 3680 ,
3669 3575 3808 3684 qui
3874 3568 4270 3679 objiceret
4323 3597 4449 3680 ,μς

1467 3713 1547 3775 ’«
1587 3691 2011 3781 Chaldaeos
2061 3754 2090 3800 ,
2173 3728 2454 3811 magos
2494 3757 2523 3803 ,
2593 3685 3340 3811 interrogatumque
3423 3697 3839 3816 Apollinis
3921 3697 4177 3786 Clarii
4233 3711 4264 3758 ⁷

1481 3820 2056 3908 »fimulacrum
2130 3824 2364 3940 super
2431 3828 2733 3943 nuptiis
2791 3826 3314 3943 Imperatoris
3363 3862 3452 3912 22.
3526 3826 3742 3910 Exin
3807 3823 4197 3911 Claudius
4240 3883 4276 3932 ,

1534 4113 1539 4116 ·
1576 4108 1597 4139 ¹
1628 4097 2024 4160 Tnmmnos
2047 4117 2131 4160 nn
2153 4100 2464 4176 Porvus]
2486 4098 2655 4160 Tum
2676 4099 2847 4162 enim
3011 4109 3032 4155 5
3074 4098 3339 4170 Aqmm
3363 4116 3707 4160 rnmonu
3735 4097 3766 4173 ]
3799 4093 3970 4158 Julio
3999 4093 4276 4175 Aquila,

1499 4197 1641 4242 non
1667 4176 1746 4238 de
1800 4175 2026 4258 exigui
2072 4175 2545 4256 miserandaque
2565 4178 2849 4259 captivo·
2926 4175 3004 4240 de
3044 4196 3176 4257 quo
3214 4174 3391 4256 supra
3429 4193 3565 4255 cap.
3609 4195 3704 4256 15.
3743 4173 4013 4255 Infignia
4051 4192 4278 4253 praeto·

1500 4275 1641 4320 turn
1684 4274 1910 4330 manu,
1952 4254 2059 4318 sed
2112 4255 2192 4317 de
2224 4254 2474 4335 populis
2518 4257 2846 4339 regnisque
2924 4256 3017 4319 ria
3041 4303 3060 4331 ,
3091 4254 3157 4316 id
3199 4254 3318 4328 est,
3357 4254 3515 4316 latus
3568 4254 3817 4329 clavus,
3867 4252 4278 4333 paludamen-

1498 4335 1637 4400 inte
1681 4334 1761 4396 ris
1791 4332 2227 4413 triumphatur.
2921 4353 3061 4399 tum
3085 4382 3103 4409 ‚
3151 4332 3298 4396 sella
3337 4331 3566 4397 curulis
3591 4381 3611 4410 ,
3667 4349 3969 4414 proetexta
3992 4379 4010 4410 ,
4058 4329 4274 4407 anuli,

1567 4425 1595 4454 ²
1704 4433 1930 4475 uam-E
1949 4460 1969 4489 ,
2003 4434 2082 4475 m·
2118 4412 2390 4490 Quaenz]
2415 4416 2563 4478 Vox
2592 4412 2847 4488 vanior,
2924 4413 3164 4496 gladius
3188 4413 3260 4476 &
3283 4412 3466 4474 hasta.
4168 4484 4183 4497 .

1493 4493 1684 4576 quam
1726 4493 2017 4556 miserum
2045 4491 2398 4573 Principem
2428 4493 2632 4556 decet.
3007 4496 3036 4534 ‘
3078 4492 3611 4566 Cssnrssvxssnr]
3641 4490 3739 4552 De
3774 4489 3900 4555 hoc
3931 4502 4275 4553 certamine

1576 4582 1597 4624 ³
1647 4574 1872 4635 Vovru
1938 4592 2202 4647 Quooun
2263 4593 2621 4636 inunum-o
2671 4576 2701 4651 ]
2775 4571 2850 4633 Id
2929 4571 3162 4635 distum
3209 4570 3386 4652 supra
3429 4591 3561 4650 cap.
3602 4592 3624 4631 ι
3661 4569 3732 4634 8(
3761 4590 3821 4630 2.
4085 4641 4098 4655 ·

1482 4645 1944 4712 'Achaemenida
1974 4651 2258 4732 dignum.
2288 4649 2480 4715 Vinci
2506 4650 2851 4716 humanum
3004 4663 3034 4706 7
3073 4655 3419 4714 Arcturus
3441 4652 3684 4711 CtAnn
3712 4647 3858 4733 JDe
3877 4663 4007 4724 quo
4035 4643 4274 4706 dictum

1500 4724 1618 4788 est:
1660 4724 1862 4804 frangi
1902 4728 2205 4794 insanum.
2927 4729 3104 4810 supra
3138 4730 3366 4791 Annal.
3399 4731 3496 4800 11,
3529 4745 3626 4804 54.
3659 4724 3825 4812 Vide
3842 4724 3911 4785 &
3942 4741 4275 4785 nummum

1579 4810 1611 4851 4
1654 4804 2075 4868 Constitutus
2134 4828 2416 4872 msroma
2471 4811 2504 4885 J
2577 4810 2794 4878 Fasces
2830 4856 2852 4891 ,
2928 4806 3490 4887 Colophoniorum
3539 4800 3870 4880 Apollinis
3906 4822 3984 4865 ue
4029 4800 4273 4876 Clarii,

1341 4921 1347 4926 -
1416 4971 1419 4972 f
1500 4873 1650 4951 fena
1687 4881 1951 4961 curans,
1982 4897 2169 4964 toga,
2215 4904 2534 4966 praetexta.
2929 4886 3092 4967 apud
3129 4885 3236 4948 οι.
3267 4881 3574 4958 renerio,
3613 4877 3841 4942 Recueil
3917 4900 3947 4942 e
3975 4878 4275 4942 Medaiua
