4975 6149
1482 386 1597 462 70
2016 352 2117 439 C.
2217 343 3031 436 CORNELII
3127 343 3699 432 TACITI

1203 535 1437 597 Ξε-
1482 517 1787 607 obtriti.
1841 519 2202 630 Frugum
2272 540 2596 626 quoque
2663 512 2962 622 egestas
2997 566 3027 612 ‚
3090 515 3176 592 ὃ(
3237 534 3415 595 orta
3471 538 3578 594 ex
3642 539 3743 596 eo
3812 507 4064 600 fames
4091 573 4121 619 ,
4172 506 4259 604 in

1204 629 1415 680 Aue

1247 728 1393 799 804.

1482 648 1947 765 prodigium
2018 639 2589 756 accipiebatur.
2665 641 2857 723 Nec
2918 633 3232 720 occulti
3296 641 3610 722 tantum
3679 642 4048 750 questus;
4114 641 4258 729 sed

1256 840 1307 889 J,
1340 837 1402 888 C„
1479 775 1654 886 jura
1698 773 2167 858 reddentem
2199 765 2637 851 Claudium
2681 764 3267 849 circumvasere
3295 762 3783 849 clamoribus
3807 766 4141 852 turbidis
4178 781 4200 815 ¹
4224 829 4255 874 ,

1264 946 1368 1008 51·

1480 900 1960 1021 pulsumque
2009 900 2097 978 in
2155 920 2601 979 extremam
2653 893 2813 975 fori
2845 916 3154 1007 partem
3188 892 3273 973 vi
3308 893 3707 1004 urgebant
3732 952 3760 996 ,
3804 895 4066 978 donec
4105 898 4256 977 mi·-

1479 1030 1721 1112 litum
1771 1024 2025 1138 globo
2086 1022 2441 1105 infensos
2495 1021 2877 1134 perrupit.
2945 1017 3447 1128 Quindecim
3507 1021 3817 1104 dierum
3873 1017 4255 1107 alimenta
4309 1044 4354 1125 ς
4444 1077 4447 1081 ‚

1480 1154 1681 1240 Urbi
1716 1183 1883 1237 non
1914 1147 2252 1265 amplius
2303 1145 2765 1262 superfuisse
2797 1146 3189 1229 constitit:
3219 1144 3668 1258 magnaque
3707 1149 3948 1232 deum
3970 1146 4256 1263 benig..

1481 1286 1793 1383 nitate,
1865 1287 1949 1363 ὅ(
2009 1273 2393 1360 modestia
2452 1274 2791 1372 hiemis,
2842 1268 3079 1355 rebus
3142 1274 3519 1357 extremis
3584 1272 4093 1358 subventum.
4138 1280 4254 1359 At

1481 1404 1816 1492 hercule
1869 1404 2069 1488 olim
2125 1430 2229 1486 ex
2277 1398 2527 1484 Italia:
2569 1396 3034 1510 regionibus
3106 1395 3590 1512 longinquas
3649 1404 3735 1483 in
3788 1404 4251 1517 provincias

1483 1556 1983 1620 commeatus
2047 1526 2520 1644 portabant:
2584 1555 2739 1609 nec
2786 1555 3007 1609 nunc
3059 1527 3644 1617 infecunditate
3698 1536 3728 1571 ²
3799 1526 4254 1633 laboratur,⁴

1480 1662 1618 1745 sed
1655 1660 2016 1742 Africam
2053 1657 2321 1769 potius
2374 1662 2459 1736 ὅ(
2515 1654 2970 1767 AEgyptum
3017 1681 3569 1757 exercemus,
3624 1654 4115 1766 navibusque
4163 1664 4249 1740 δε
4319 1686 4424 1744 10

1481 1784 1782 1872 cafibus
1825 1787 1996 1866 vita
2043 1778 2331 1895 populi
2382 1780 2740 1864 Romani
2771 1779 3136 1894 permissa
3173 1783 3307 1866 est.

1482 1937 1490 1946 ·
1603 1912 1953 1996 XLIV.
2019 1907 2381 1993 EODEM
2440 1936 2654 1991 anno
2702 1903 3012 1989 bellum
3060 1908 3273 1992 inter
3334 1906 3765 1992 Armenios
3820 1904 4252 2020 Iberosque

1378 2060 1405 2085 ³
1475 2065 1852 2124 exortum
1879 2097 1907 2139 ,
1957 2038 2268 2118 Parthis
2298 2062 2622 2143 quoque
2675 2062 2772 2115 ac
2816 2035 3210 2117 Romanis
3260 2035 3894 2145 graviffimorum
3932 2038 4143 2119 inter
4171 2033 4254 2117 se

1466 4239 2057 4400 jzffiduassterilitates
2085 4241 2338 4302 detentus
2352 4239 2621 4320 quondam
2648 4240 2821 4301 medio

1432 4357 1437 4362 -
1507 4343 1536 4381 o

1475 2191 1849 2249 motuum
1880 2159 2117 2245 causa
2154 2158 2334 2241 fuit.
2363 2159 2617 2240 Genti
2644 2158 3126 2242 Parthorum
3155 2157 3608 2269 Vologeses
3635 2159 4145 2273 imperitabat
4175 2171 4255 2264 ³5

1480 2285 1843 2375 materna
1874 2288 2189 2396 origine
2237 2313 2340 2368 ex
2377 2280 2678 2399 pellice
2716 2280 3000 2369 Graecss
3023 2344 3052 2387 ‚
3108 2285 3488 2370 concessu
3525 2287 3857 2370 fratrum
3910 2314 4250 2398 regnum
4319 2326 4347 2378 1
4370 2318 4416 2400 5

1477 2418 1842 2532 adeptus.
1911 2411 2189 2496 Iberos
2238 2410 2807 2496 Pharasmanes
2865 2406 3168 2496 vetusta
3226 2411 3744 2526 poss‘essione,
3818 2413 4250 2497 Armenios

1476 2546 1723 2629 frater
1766 2540 1936 2650 ejus
1985 2539 2506 2624 Mithridates
2545 2535 2963 2624 obtinebat
3001 2536 3286 2654 opibus
3338 2541 3642 2622 nostris.
3679 2538 3872 2623 Erat
3916 2538 4253 2625 Pharas-

1478 2672 1701 2755 mani
1739 2668 1951 2752 filius
1981 2669 2311 2750 nomine
2353 2665 2917 2750 Rhadamistus
2943 2727 2971 2769 ,
3024 2662 3318 2751 decora
3341 2675 3346 2681 ’
3371 2668 3859 2780 proceritate
3883 2726 3911 2770 ,
3950 2670 4031 2752 vi
4070 2696 4250 2751 cor-

1478 2798 1698 2915 poris
1731 2797 2052 2908 infignis
2081 2853 2112 2899 ‚
2142 2801 2226 2877 &
2265 2794 2554 2908 patrias
2595 2817 2800 2877 artes
2841 2792 3167 2876 edofiius
3186 2853 3215 2895 ‚
3265 2789 3641 2903 claraque
3689 2796 3900 2878 inter
3930 2790 4251 2879 accolas

1478 2920 1716 3009 fama.
1753 2925 1831 3007 Is
1890 2957 1935 3027 ς(
1973 2920 2393 3005 modicum
2450 2917 2726 3002 Iberiae
2782 2948 3124 3033 regnum
3163 2918 3474 3004 feneus
3530 2922 3775 3033 patris
3823 2920 4234 3004 detineri»
4306 2954 4420 3010 20

1481 3052 1833 3136 ferocius
1867 3047 2395 3160 crebriusque·
2428 3042 2769 3155 jassabat
2795 3107 2824 3151 ‚
2858 3045 3098 3160 quam
3137 3072 3230 3131 ut
3270 3045 3734 3162 cupidinem
3773 3044 4249 3133 occultaret.

1480 3179 1741 3290 Igitur
1803 3175 2368 3259 Pharasmanes
2417 3171 2802 3281 juvenem
2845 3176 3229 3289 potentiae
3291 3201 3679 3289 promptae
3715 3184 3794 3277 ⁴,
3855 3183 3938 3258 ὅ(
3991 3175 4251 3258 studio

1484 3298 1997 3420 popularium
2038 3302 2489 3385 accinRum
2512 3359 2543 3406 ‚
2581 3299 3103 3413 vergentibus
3141 3298 3304 3408 jam
3348 3304 3575 3385 annis
3622 3300 3776 3383 suis
3828 3327 4196 3384 metuens
4217 3323 4253 3404 ,⁴

1482 3428 1725 3514 aliam
1777 3429 1872 3512 ad
1914 3429 2132 3542 spem
2191 3431 2508 3511 trahere
2538 3488 2564 3530 ,
2610 3435 2694 3511 ὅ(
2738 3461 2783 3502 ε(
2809 3430 3278 3513 Armeniam
3311 3463 3357 3505 »
3421 3429 3812 3510 ostentare
3836 3487 3864 3531 ,
3920 3461 3968 3503 <t
4010 3424 4250 3542 pulfis

1480 3556 1856 3666 »Parthis
1877 3613 1907 3657 ‚
1938 3552 2204 3638 datam
2248 3555 2709 3670 Mithridati
2748 3585 2793 3640 a
2838 3555 3156 3640 semet»
3215 3554 3785 3638 memorando:
3824 3554 3960 3638 sed
4005 3588 4050 3630 ‹<
4080 3555 4248 3636 vim
4309 3586 4416 3672 25

1475 3714 1528 3792 p>
1548 3678 2071 3766 differendam
2096 3740 2125 3783 ‚
2181 3689 2262 3763 ὅ(
2313 3683 2714 3793 potiorem
2767 3679 3104 3784 dolum,
3156 3685 3319 3791 quo
3372 3684 3789 3765 incautum
3844 3682 4253 3795 opprime-

1481 3834 1728 3891 »rent
1755 3841 1800 3882 »
1821 3867 1842 3889 .
1873 3805 1998 3890 Ita
2031 3805 2591 3892 Rhadamistus
2614 3868 2643 3913 ‚
2668 3804 3029 3892 simulata
3061 3808 3432 3893 adversus
3462 3835 3771 3923 patrem
3800 3806 4197 3892 discordia
4217 3865 4251 3911 ‚

1564 4093 1589 4128 ¹
1622 4086 2049 4148 Crauonrnus
2084 4086 2437 4161 wamms]
2468 4086 2730 4148 Sueton.
2754 4081 2823 4145 in

2904 4083 3321 4150 destinatione
3345 4132 3364 4159 ,
3394 4082 3504 4165 qui
3543 4080 3821 4147 Africam
3859 4102 3931 4146 ac
3975 4081 4252 4147 maxime

1489 4163 1717 4228 Claud.
1749 4164 1985 4225 XVIII.
2015 4161 2267 4223 Areliore
2298 4179 2478 4221 autem
2506 4164 2732 4222 annone!
2757 4161 2820 4222 ob

2904 4170 3244 4256 AEgyptum
3274 4165 3627 4254 delegerat,
3659 4180 3729 4226 ut
3757 4182 4027 4255 annonae
4069 4163 4251 4227 Urbi-

2901 4243 4251 4401 §zffifivffsssmz{ffssxssfflffi

1540 4344 1568 4382 Γ
1569 4343 1598 4382 ⁰
1635 4341 1671 4381 ‘²
1706 4319 1903 4398 ‘urba'
1938 4321 2286 4401 comitiisque
2309 4318 2551 4400 aestum!
2572 4319 2822 4403 fragmi-
2898 4405 3047 4465 bem
3076 4402 3531 4482 adsportaretut
3556 4400 3827 4464 diximus
3869 4400 3937 4463 in
3961 4400 4148 4462 Notis
4175 4398 4246 4462 8(

1481 4401 1648 4462 nibus
1685 4400 1855 4478 panis
1903 4400 1986 4461 ita
2048 4399 2311 4479 instratus
2342 4448 2360 4475 ,
2402 4416 2463 4458 ut
2514 4420 2663 4481 aegre
2719 4421 2822 4460 nec

1482 4478 1589 4570 ηζΙὶ
1658 4480 1811 4559 ostico
1843 4477 2075 4540 evadere
2113 4480 2174 4539 in
2215 4477 2498 4539 Palatium
2539 4478 2778 4539 valuerit
2799 4526 2818 4556 ,
2897 4481 3462 4546 Emendat-ionibus
3488 4480 3568 4544 ad
3599 4481 3824 4543 Annal.
3853 4481 3947 4552 II,
4016 4498 4075 4549 9.

1482 4500 1652 4618 ηιΙιὶῙΡ
1654 4578 1763 4619 non
1804 4557 2144 4641 excogitavit
2187 4557 2261 4620 ad
2295 4556 2629 4620 invehendas·
2655 4558 2822 4619 etiam
2977 4571 2999 4616 ³
3045 4566 3421 4626 Vorocsssas
3445 4561 3939 4631 mezur-Amr]
4033 4574 4067 4615 e
4097 4557 4244 4618 Vo-

1482 4635 1547 4697 ὶη.
1576 4652 1809 4712 tempore
1844 4637 2066 4699 hiberno
2095 4655 2441 4699 commeatus.
2899 4639 3108 4721 logese
3158 4642 3284 4718 jam
3327 4640 3564 4708 dietum
3605 4639 3780 4716 supra
3825 4653 3957 4711 cap.
4006 4652 4102 4707 14.
4148 4632 4245 4694 De

1539 4717 1560 4744 ²
1588 4714 1732 4777 Nnc
1748 4737 1909 4778 nuuc
1936 4716 2617 4793 mmcunmurnssed
2634 4716 2819 4794 luxu,
2898 4718 3298 4783 Pharasmane
3327 4720 3396 4781 δε
3417 4716 3778 4778 Mithridate
3798 4710 4025 4773 Annal.
4052 4711 4161 4783 XI,
4183 4713 4243 4772 8.

1484 4788 1596 4870 qui
1614 4791 1857 4854 Italiam
1880 4793 2088 4871 villis,
2110 4797 2453 4876 porticibus
2474 4844 2494 4873 ,
2524 4797 2819 4872 vivariiS,
2976 4808 3008 4848 4
3048 4802 3382 4861 Pomerm
3418 4794 3789 4869 nomme]
3831 4790 3994 4853 Vide
4037 4792 4240 4852 Notas

1478 4869 1757 4948 balneis,
1784 4868 2223 4955 exhauriebat3
2259 4875 2520 4960 ipsaque
2567 4876 2822 4958 Augusti
2898 4877 2969 4942 &
2997 4874 3485 4941 Emendationes
3515 4871 3595 4934 ad
3635 4867 3862 4935 Annal.
3905 4869 4059 4948 xll,
4097 4890 4205 4948 44.
