4975 6149
1538 452 1718 532 2¹4·
2025 423 2124 511 C.
2257 422 3105 511 CORNELII
3232 422 3823 512 TACITI

1253 615 1489 663 ιιι-ε
1533 590 2066 676 »locarentur
2089 623 2106 673 ε
2132 585 2539 674 ludicrum
2557 588 2987 695 Circense,
3017 615 3107 674 ut
3129 590 3178 682 J
3182 586 3361 673 uliae
3387 591 3612 702 genti
3640 587 3856 703 apud
3882 588 4305 700 Bovillas¹,'

1255 695 1486 749 AALC.

1298 788 1448 848 816.

1290 893 1337 944 J.
1375 894 1440 945 C.

1312 987 1422 1059 63.

1536 755 1582 797 ι)
1600 723 1711 804 ita
1743 715 2100 802 Claudiae
2129 718 2674 827 Domitiaeque
2702 724 2733 761 ²
2762 718 2978 832 apud
3004 719 3349 801 Antium
3373 718 3748 801 ederetur
3775 750 3820 793 >2
3853 751 3872 800 :
3901 747 4070 827 quae
4096 721 4304 807 fluxa

1502 911 1506 915 -
1535 848 1759 931 fuere
1763 873 2164 956 ,quartum
2189 846 2397 929 intra
2412 843 2771 928 mensem
2788 842 3156 928 defunffii
3173 844 3508 928 infante.
3521 843 3988 953 Rursusque
4019 875 4301 931 exortae

1534 972 2037 1059 adulationes
2061 1033 2090 1076 ‚
2140 972 2647 1057 censentium
2694 1004 2738 1046 «
2772 974 3173 1056 honorem
3198 972 3397 1055 divae
3413 1030 3440 1074 ,
3467 978 3551 1055 &
3578 967 3996 1086 pulvinar,
4026 975 4303 1058 aedem-

1535 1132 1756 1212 »que
1785 1099 2388 1186 &sacerdotem
2424 1132 2468 1174 2>
2491 1160 2511 1182 .
2555 1097 2830 1209 Atque
2869 1099 3040 1213 ipse
3077 1127 3168 1184 ut
3200 1096 3486 1182 laetitiae
3513 1157 3540 1202 ,
3619 1101 3733 1182 ita
3773 1103 4119 1184 maeroris
4154 1103 4302 1182 im-
4412 1121 4454 1202 5

1535 1230 1909 1313 modicus
1937 1230 2132 1339 egit.
2172 1227 2679 1310 Adnotatum
2712 1226 2862 1328 est,
2893 1228 3119 1309 omni
3146 1227 3426 1311 senatu
3453 1226 3825 1310 Antium
3849 1225 3991 1310 sub
4032 1256 4308 1312 recen-

1537 1383 1706 1440 tem
1743 1381 2058 1471 partum
2111 1351 2370 1437 effuso
2421 1411 2448 1455 ,
2508 1350 2949 1435 Thraseam
2993 1351 3492 1466 prohibitum
3530 1410 3560 1456 ,
3604 1356 3952 1438 immoto
3984 1357 4251 1438 animo
4279 1412 4308 1457 ,

1539 1482 2063 1598 praenuntiam
2092 1481 2588 1564 imminentis
2616 1480 2850 1567 caedis
2881 1476 3467 1565 contumeliam
3496 1479 4309 1594 excepiffe.Secutam

1541 1609 1842 1693 dehinc
1866 1636 2163 1691 vocem
2196 1605 2521 1690 Caesaris
2558 1606 2827 1690 ferunt
2851 1665 2880 1711 ,
2939 1601 3096 1719 quii
3152 1603 3860 1692 «reconciliatum
3924 1607 4009 1691 se
4052 1609 4315 1691 Thra-

1539 1735 1749 1818 »seae
1787 1771 1832 1811 »
1859 1792 1889 1836 ,
1967 1735 2178 1847 apud
2207 1736 2605 1819 Senecam
2653 1731 3063 1841 jaEtaverit
3092 1793 3120 1839 ,
3175 1766 3269 1820 ac
3297 1738 3696 1819 Senecam
3727 1732 4017 1817 Caesari
4049 1752 4317 1847 gratu·
4379 1754 4467 1811 10

1473 1913 1476 1916 <
1540 1860 1822 1946 latum.
1851 1862 2089 1946 Unde
2119 1858 2377 1974 gloria
2403 1865 2752 1974 egregiis
2778 1864 3011 1965 viris,
3053 1870 3136 1946 &
3175 1859 3535 1977 pericula
3581 1859 4057 1976 gliscebant.

1670 1987 2032 2072 XXIV.
2097 1989 2415 2071 INTER
2483 2018 2653 2100 quae
2687 2047 2715 2093 ,
2782 1991 3487 2104 verisvprincipio,
3537 1986 3785 2101 legati
3840 1990 4323 2072 Parthorum

1541 2110 1919 2199 mandata
1955 2117 2166 2226 regis
2194 2111 2665 2224 Vologesis,
2695 2113 3125 2224 literasque
3172 2117 3258 2196 in
3297 2115 3670 2198 eamdem
3720 2115 4066 2199 formam
4117 2140 4327 2198 attu-

1541 2240 1708 2324 lere
1742 2274 1759 2321 :
1812 2273 1858 2315 c<
1885 2244 1992 2323 Se
2025 2242 2290 2355 priora
2313 2299 2340 2341 ,
2367 2248 2450 2322 δε
2480 2243 2780 2323 totiens
2821 2237 3105 2344 jaEiata
3140 2239 3375 2352 super
3417 2236 3860 2321 obtinenda
3880 2236 4276 2321 Armenia
4300 2298 4329 2341 ‚

1529 2400 1587 2444 ι>>
1611 2395 1828 2450 nunc
1856 2368 2227 2450 omittere
2254 2423 2281 2467 ,
2315 2368 2700 2474 quoniam
2737 2365 2850 2448 dii
2878 2424 2905 2468 ,
2946 2366 3309 2475 quamvis
3341 2366 3797 2479 potentium
3830 2361 4330 2480 populorum
4394 2388 4420 2440 ι
4439 2382 4475 2462 5

1541 2490 1880 2583 »arbitri
1906 2552 1933 2595 ,
1965 2490 2516 2605 posseffionem
2540 2494 2852 2576 Parthis
2889 2549 2917 2595 ,
2971 2522 3137 2583 non
3181 2491 3341 2574 fine
3379 2486 3827 2604 ignominia
3878 2486 4263 2576 Romana
4298 2549 4330 2595 ,

1541 2653 1589 2698 ›>
1609 2618 2125 2703 tradidiss‘ent.
2176 2621 2466 2731 Nuper
2495 2617 2858 2702 clausum
2884 2618 3299 2731 Tigranen
3333 2646 3359 2716 3
3398 2617 3885 2732 postPaetum
3910 2615 4328 2730 legiones·

1543 2779 1591 2822 >2
1612 2775 1796 2858 que,
1830 2748 2015 2828 cum
2040 2747 2496 2859 opprimere
2534 2745 2788 2860 posset
2800 2807 2828 2851 ,
2869 2742 3324 2829 incolumes
3355 2744 3744 2829 dimififfe.
3791 2747 4001 2829 Satis
4043 2773 4332 2860 appro-

1543 2871 1878 2957 »batam
1906 2873 2076 2954 vim
2123 2905 2140 2952 ε
2179 2870 2455 2956 datum
2518 2881 2601 2956 &
2658 2869 3013 2955 lenitatis
3064 2873 3741 2984 experimentum.
3786 2872 3976 2966 Nec
4009 2869 4332 2957 reeusa-

1543 2997 2313 3085 »turumTiridaten
2344 2995 2826 3115 accipiendo
2869 2997 3302 3083 diademati
3331 2999 3416 3081 in
3442 2996 3747 3085 Urbem
3796 3000 4078 3084 venire
4109 3058 4136 3102 ,
4190 2995 4334 3082 nisi
4385 3016 4487 3070 20

1544 3126 2041 3211 »sacerdotii
2080 3123 2476 3238 religione
2519 3128 2989 3211 attineretur
3025 3135 3082 3209 ³.
3115 3125 3431 3212 Iturum
3476 3127 3577 3211 ad
3631 3127 3849 3239 signa
3888 3133 3972 3209 ὃ(
4018 3124 4337 3238 effigies

1545 3285 1595 3334 >›
1614 3255 2051 3367 Principis,
2080 3249 2263 3356 ubi,
2297 3248 2758 3364 legionibus
2785 3281 3064 3338 coram
3093 3312 3121 3356 ,
3153 3282 3492 3365 regnum
3520 3253 4072 3366 auspicaretur
4095 3288 4143 3330 »
4165 3316 4188 3336 .

1679 3380 1984 3464 XXV.
2048 3377 2483 3462 TALIBUS
2564 3377 2991 3494 Vologesis
3042 3378 3294 3465 literis
3337 3439 3366 3483 ,
3421 3381 3605 3492 quia
3652 3380 3904 3463 Paetus
3955 3377 4342 3483 diversa,

1552 3531 1961 3619 tamquam
2015 3504 2247 3588 rebus
2286 3508 2621 3618 integris
2653 3565 2680 3610 ,
2756 3504 3155 3591 scribebat
3202 3564 3230 3610 ,
3294 3509 3832 3620 interrogatus
3889 3509 4279 3590 centurio
4313 3564 4342 3609 ‚

1555 3637 1693 3746 qui
1732 3662 1920 3718 cum
1975 3628 2262 3742 legatis
2327 3631 2811 3737 advenerat,
2872 3668 2919 3710 <c
2946 3664 3107 3745 quo
3152 3636 3237 3720 in
3281 3635 3481 3718 statu
3510 3634 3896 3718 Armenia
3956 3633 4163 3719 effer
4203 3667 4249 3710 »
4311 3632 4341 3713 ἲ
4397 3641 4496 3725 25

1569 3796 1616 3836 α
1647 3786 1926 3843 omnes
1951 3757 2137 3841 inde
2168 3760 2587 3844 Romanos
2618 3758 3014 3845 exceffiffe
3042 3797 3099 3852 >²
3138 3758 3574 3876 respondit.
3646 3762 3865 3845 Tum
3914 3759 4343 3845 intellecto

1554 3884 2073 3969 barbarorum
2141 3881 2387 3968 inrisu
2437 3945 2464 3990 ,
2548 3889 2689 3997 qui
2735 3914 3101 4001 peterent
3137 3946 3166 3992 ‚
3214 3889 3433 3997 quod
3477 3890 3983 4000 eripuerant,
4045 3888 4348 3973 consu-

1556 4008 1714 4093 luit
1768 4013 1977 4092 inter
2028 4011 2415 4125 primores
2454 4014 2805 4098 civitatis
2855 4016 3141 4115 Nero,
3209 4010 3595 4094 «bellum
3635 4041 3930 4127 anceps
3954 4072 3981 4115 ,
4042 4047 4146 4099 an
4189 4039 4345 4129 pax

1559 4138 2041 4221 »inhonesta
2063 4132 2424 4252 placeret
2451 4172 2539 4220 ι).
2581 4143 2770 4223 Nec
2815 4138 3268 4224 dubitatum
3316 4135 3418 4220 de
3458 4133 3711 4222 bello.
3751 4133 3860 4224 Et
3906 4139 4292 4228 Corbulo
4317 4197 4346 4243 ,

1647 4406 1667 4438 ¹
1716 4397 1892 4458 Arm>
1928 4396 2304 4471 Bovruns]
2340 4392 2607 4457 Bovillae
2632 4393 2757 4472 iam
2778 4413 2909 4457 me-
3068 4399 3094 4430 ²
3163 4396 3475 4485 §nvom
3514 4396 3942 4469 Domi-moue
3986 4397 4019 4470 ]
4098 4395 4349 4484 Natura

1561 4489 1819 4539 moratae
1858 4466 2032 4551 supra
2068 4477 2295 4536 Annal.
2321 4475 2376 4533 ΙΙ
2401 4519 2419 4547 ,
2451 4495 2538 4562 ,41
2570 4496 2589 4553 ;
2638 4473 2743 4536 sed
2769 4494 2905 4537 non
2989 4471 3241 4537 famihae
3286 4467 3586 4539 Domitiae
3611 4521 3631 4551 ,
3674 4475 4023 4555 adoptione
4055 4474 4349 4535 Claudia

1563 4555 1704 4618 satis
1733 4558 2032 4617 accurate.
2062 4555 2280 4634 Itaque
2305 4553 2570 4615 Bovillae
2592 4569 2770 4615 erant
2801 4552 2909 4615 via
2991 4570 3121 4616 erat
3145 4554 3343 4615 Nero.

1563 4630 1766 4772 ῢρρίἂ
1815 4635 1893 4694 ad
1932 4631 2247 4695 decimum
2282 4631 2359 4694 ab
2401 4634 2567 4695 Urbe
2615 4632 2909 4711 lapidem.
3072 4644 3094 4686 ³
3139 4634 3534 4698 SAcnnoorn
3597 4651 3934 4724 §puerone
3984 4647 4350 4717 firment-

1570 4710 2915 4877 a3332235335{2232‘2‘3251‘312‘15335‘323-2.
2992 4709 3816 4871 34230331533323351
3840 4708 4358 4867 {313353‘3231532

1569 4880 1960 4954 vocitatum,
1986 4874 2209 4957 proten
2260 4884 2466 4931 untur.
2501 4868 2661 4942 Vide
2684 4871 2915 4931 Corra·
2996 4869 3063 4930 in
3112 4867 3562 4947 supplemento
3606 4866 3838 4930 Annal.
3877 4867 4023 4931 XVI
4053 4910 4076 4943 ‚
4134 4884 4218 4944 37
4286 4866 4362 4931 δε

1570 4942 1793 5011 dmum
1809 4988 1828 5020 ,
1851 4951 2020 5003 Vetus
2033 4943 2283 5025 Laetum,
2301 4947 2588 5035 Tom.,11.
2614 4967 2750 5031 pag.
2775 4969 2797 5009 1
2814 4952 2915 5028 87.
2995 4950 3166 5032 seqq.
