4975 6149
1470 457 1646 522 220
2008 428 2109 514 C.
2225 421 3058 511 CORNELII
3172 420 3747 507 TACITI

1190 627 1422 674 ΞΞ
1466 594 1633 709 pari
1666 584 2268 703 magnificentia
2309 622 2403 675 ac
2435 591 2725 703 priora.
2779 586 2943 669 Sed
2982 584 3466 669 feminarum
3530 583 3979 670 inlustrium
4021 585 4248 674 sena-

1189 710 1419 765 A.tJ.0.

1239 804 1386 881 817.

1222 915 1270 966 J.
1306 915 1370 966 C.

1467 749 1895 829 torumque
1925 717 2191 833 plures
2233 747 2375 832 per
2421 746 2743 800 arenam
2792 714 3077 797 foedati
3111 713 3294 798 sunt
3337 725 3397 797 ¹.

1592 846 1928 930 XXXI
1941 847 2062 929 II.
2129 846 2226 930 C.
2277 846 2424 926 LAE
2444 868 2681 926 cam
2701 869 2757 925 o
2781 899 2811 943 ,
2859 841 2984 923 Μ.
3014 841 3343 924 Licinio
3373 836 3841 925 consulibus
3873 849 3904 885 ²
3933 843 4245 925 acriore

1248 1007 1355 1081 64.
1465 976 1551 1057 in
1608 975 1777 1056 dies
1822 975 2204 1087 cupidine
2257 968 2726 1082 adigebatur
2755 970 2986 1050 Nero
3017 966 3511 1080 promiscuas
3545 966 3819 1049 scenas
3871 966 4237 1077 frequen·-

1460 1101 1733 1183 tandi:
1774 1130 1962 1184 nam
1991 1101 2255 1184 adhuc
2302 1126 2444 1211 per
2489 1097 2825 1180 domum
2854 1153 2882 1197 ‚
2916 1117 3052 1176 aut
3082 1096 3362 1177 hortos
3390 1094 3798 1178 cecinerat
3830 1092 4237 1182 Juvenali-

1461 1224 1608 1310 bus
1635 1223 1843 1310 ludis
1868 1236 1940 1332 ³,
1969 1255 2168 1337 quos
2192 1284 2218 1328 ‚
2264 1248 2357 1305 ut
2388 1251 2668 1336 parum
2698 1216 3099 1323 celebres,
3144 1229 3227 1305 ὅ(
3280 1245 3515 1304 tantae
3545 1220 3736 1303 voci
3791 1228 4161 1332 angustos
4201 1282 4233 1327 ,

1458 1351 1907 1467 spernebat.
1976 1356 2180 1436 Non
2238 1377 2513 1433 tamen
2578 1351 2864 1432 Romae
2921 1348 3283 1461 incipere
3335 1346 3565 1430 ausus
3613 1405 3643 1449 ‚
3706 1344 4153 1460 Neapolim
4197 1408 4230 1453 ,

1455 1480 1669 1589 quasi
1709 1483 2076 1563 Graecam
2119 1475 2401 1560 urbem
2426 1486 2501 1580 4,
2531 1472 2838 1586 delegit
2875 1507 2893 1555 :
2940 1474 3215 1583 «Inde
3245 1475 3564 1557 initium
3591 1472 3809 1575 fore,
3856 1499 3946 1556 ut
3970 1475 4228 1558 trans-

1452 1604 1816 1715 »gress‘us
1864 1608 1948 1686 in
1997 1606 2449 1706 Achaiam,
2486 1600 3037 1712 insignesque,
3094 1609 3177 1685 ὅ(
3222 1602 3659 1710 antiquitus
3716 1600 4024 1704 sacras,
4079 1632 4226 1685 co-

1449 1759 1752 1813 »ronas
1804 1729 2137 1845 adeptus
2188 1789 2216 1833 ,
2279 1725 2585 1836 majore
2634 1726 2845 1811 fama
2877 1726 3127 1810 studia
3173 1729 3477 1811 civium
3503 1723 3838 1811 eliceret
3865 1761 3955 1810 ›>.
4001 1725 4222 1839 Ergo

1451 1859 1950 1940 contraitum
1981 1856 2573 1971 oppidanorum
2612 1852 2904 1967 vulgus
2932 1911 2961 1957 ,
3001 1861 3086 1938 ὃ(
3117 1883 3317 1964 quos
3369 1885 3413 1938 e
3453 1855 3844 1968 proximis
3876 1851 4222 1939 coloniis

1447 1989 1535 2067 ὃ(
1573 1984 2036 2098 municipiis
2091 1980 2258 2090 ejus
2300 1984 2416 2067 r'ei
2457 1983 2672 2067 fama
2701 1982 3005 2066 civerat
3031 2039 3062 2085 ‚
3117 1983 3410 2091 quique
3461 1980 3852 2064 Caesarem
3894 2010 4037 2096 per
4074 1983 4224 2066 ho-

1446 2138 1783 2212 norem,
1830 2136 1968 2193 aut
2021 2112 2285 2193 varios
2345 2110 2528 2193 usus
2591 2109 3029 2210 sectantur,
3076 2110 3320 2191 etiam
3358 2104 3709 2192 militum
3756 2105 4155 2222 manipuli
4189 2167 4221 2215 ‚

1444 2237 1850 2318 theatrum
1874 2232 2614 2349 Neapolitanorum
2645 2227 3092 2343 complent.

1569 2359 2027 2444 XXXIV.
2092 2362 2194 2441 11„
2213 2388 2298 2441 ιι
2319 2386 2369 2440 c
2397 2417 2424 2461 ,
2458 2356 2822 2473 plerique
2850 2381 2940 2438 ut
2968 2351 3591 2461 arbitrabantur,
3621 2359 3874 2460 triste,
3900 2383 3990 2442 ut
4014 2359 4215 2473 ipse,

1442 2486 1874 2600 providum
1889 2487 2155 2599 potius
2170 2544 2197 2588 ,
2227 2494 2313 2570 ὃ(
2344 2483 2719 2568 secundis
2751 2482 3213 2567 numinibus
3241 2543 3270 2586 ,
3298 2486 3598 2568 evenit.
3626 2488 3848 2568 Nam
3876 2486 4215 2595 egreffo,

1441 2614 1582 2721 qui
1610 2611 1995 2715 adfuerat,
2029 2609 2340 2727 populo
2366 2672 2395 2715 ,
2425 2641 2777 2695 vacuum
2806 2619 2889 2695 ὅ(
2915 2610 3075 2693 fine
3105 2607 3347 2696 ullius
3380 2605 3594 2696 noxii
3627 2614 4032 2695 theatrum
4049 2610 4214 2697 col-

1439 2734 1754 2853 lapsum
1799 2741 1931 2822 est.
1980 2738 2259 2851 Ergo,
2306 2768 2449 2854 per
2480 2737 2993 2855 >compositos
3046 2762 3326 2822 cantus
3380 2764 3643 2850 grates
3697 2737 3846 2821 diis
3886 2796 3915 2842 ,
3971 2766 4209 2851 atque

1435 2968 1599 3029 metis
1634 3015 1655 3046 ‚
1708 2990 1828 3051 quoe
1860 2988 2087 3053 utraque
2134 2970 2195 3033 cr
2235 2970 2460 3048 tophina
2506 2988 2575 3028 ac·
2598 2970 2786 3052 lignea
2862 2969 2939 3030 ad
2969 2968 3187 3047 ferrum
3229 2969 3676 3052 gladiatorium
3732 2969 3898 3031 etiam
3934 2968 4209 3050 quadrin-

1432 3053 1573 3108 ante
1595 3047 1827 3126 ficet-ant
1851 3099 1871 3129 ‚
1909 3051 2159 3126 exculto,
2187 3049 2788 3191 proprindenatoribus
2853 3067 3058 3134 gentos
3075 3052 3366 3133 senatores
3398 3100 3419 3127 ‚
3454 3050 3838 3132 sexcentosque
3860 3050 4066 3131 equites
4093 3048 4207 3110 1304

1426 3126 1709 3208 constituit
1763 3129 1885 3193 loca
1928 3179 1949 3208 ,
1988 3132 2284 3210 promifiue
2300 3133 2403 3223 five
2453 3150 2552 3190 are
2577 3129 2784 3209 Jblitis.
2860 3150 3093 3207 manos,
3123 3129 3184 3191 Cr
3205 3131 3456 3212 quosdam
3476 3129 3722 3207 Jbrtunae
3750 3149 3910 3209 atque
3931 3129 4207 3210 existima-

1429 3206 1688 3286 Equites
1754 3208 1955 3273 adhuc
2012 3210 2329 3274 indiscreti
2384 3210 2421 3272 s
2454 3212 2741 3273 efitabant
2763 3257 2783 3288 ,
2861 3209 3283 3291 tionisintegroe
3306 3258 3327 3287 ,
3370 3230 3441 3270 ex
3475 3207 3659 3289 iffliem
3676 3206 3958 3269 ordinibus
3982 3207 4207 3284 confec-

1427 3284 1714 3365 euripos,
1765 3288 1992 3368 quibus
2021 3309 2272 3353 arenam
2303 3293 2407 3353 Cae
2435 3309 2502 3352 ar
2519 3288 2785 3353 dictator
2861 3308 3007 3350 tores
3033 3309 3233 3369 quoque
3250 3288 3505 3364 ferarum
3526 3335 3545 3363 ,
3587 3286 3656 3348 er
3677 3287 3840 3349 varia
3866 3307 4053 3347 arenoe
4088 3288 4204 3348 mi-

1427 3360 1928 3430 circumdederat
1966 3414 1986 3443 ‚
2035 3369 2191 3430 Nero
2214 3369 2486 3443 Princeps
2518 3366 2781 3447 sustulit,
2859 3367 3103 3447 nisteria.
3132 3369 3366 3431 Eadem
3409 3386 3668 3448 quoque
3702 3366 3824 3429 fuit
3886 3365 4048 3429 ostea
4068 3367 4200 3429 Do·-

1426 3443 1596 3520 equiti
1626 3441 1748 3503 loca
1783 3444 1997 3506 addens
2033 3495 2053 3521 ,
2105 3447 2264 3509 Plin.
2303 3450 2450 3511 vlu
2480 3493 2500 3521 ‚
2525 3467 2586 3523 7.
2616 3446 2781 3510 Vide
2857 3446 3108 3509 mitiani
3128 3446 3404 3522 insania,
3435 3451 3696 3509 Sueton.
3730 3445 3795 3507 in
3885 3445 4064 3507 omit.
4090 3447 4199 3509 IV.

1424 3521 1499 3584 &
1520 3522 1895 3586 Suetonium
1921 3525 1986 3586 in
2008 3528 2159 3588 Ner.
2189 3529 2298 3589 XI.
2340 3525 2453 3587 His
2484 3525 2575 3585 ita
2606 3525 2782 3588 cons-
2856 3527 2985 3587 Nec
3022 3526 3264 3586 virorum
3294 3525 3446 3586 modo
3467 3543 3724 3606 pugnas,
3742 3522 3844 3605 fid
3872 3522 3934 3584 ὓ·
3954 3522 4201 3600 senuna-

1424 3598 1661 3673 titutis‚
1688 3599 1732 3662 fi
1759 3603 1870 3681 qui
1898 3603 2211 3668 senatores
2232 3604 2586 3684 promiscue
2609 3602 2781 3684 spec·
2856 3623 2976 3664 rum
3018 3604 3295 3685 commisit.

1424 3691 1556 3740 tare
1607 3678 1852 3743 vellent
1882 3727 1902 3757 ,
1959 3698 2249 3760 poterant
2355 3682 2572 3745 uidem
2600 3727 2620 3756 ‚
2674 3683 2781 3745 sed
2937 3688 2960 3715 ²
3005 3685 3092 3745 M.
3131 3688 3393 3749 chnuo
3451 3685 3881 3760 consumans]
3948 3684 4027 3744 C.
4068 3681 4199 3743 Lae-

1422 3756 1669 3847 vulgari
1700 3757 1904 3830 veste,
1954 3779 2089 3823 non
2122 3763 2276 3825 vero
2335 3758 2668 3833 enatorisi,
2712 3778 2782 3824 ut
2855 3760 3069 3826 canius
3130 3765 3332 3827 Bass'us
3384 3764 3455 3828 δε
3504 3764 3593 3825 Μ.
3635 3760 3922 3825 Licinius
3959 3761 4198 3824 Craffus

1420 3835 1767 3912 accipimus
1794 3857 1872 3898 ex
1893 3837 2108 3902 Dione
2129 3887 2148 3915 ‚
2174 3844 2313 3903 LX.
2344 3860 2481 3922 pag.
2509 3845 2654 3913 669.
2707 3842 2781 3902 Id
2855 3841 3143 3905 consules
3191 3842 3364 3906 fuere
3403 3861 3572 3905 anno
3615 3844 3691 3903 U.
3729 3843 3804 3902 C.
3849 3862 4200 3905 ncccxvu.

1416 3933 1553 4052 guo
1605 3934 1682 3976 ue
1734 3913 2051 4004 equitibus
2089 3920 2445 3982 conceffum
2502 3916 2776 3982 videtur.
2853 3921 2995 3983 Jesu
3034 3920 3257 3983 Christi
3285 3930 3385 3996 64.
3431 3922 3504 3980 In
3567 3916 3918 3997 fragmento
3967 3917 4196 3981 veteris

1466 3991 1546 4052 ed
1634 4007 1972 4057 omitranus
2011 4039 2032 4069 ,
2057 3997 2307 4075 flasi-epta
2341 4016 2547 4058 morum
2587 4017 2775 4059 corre-
2852 3998 3073 4075 lapidis
3128 4020 3164 4061 a
3207 4001 3291 4062 ud
3327 3996 3672 4071 Muratori‚
3701 3997 3874 4058 Nov.
3898 3995 4193 4061 Thesaur.

1410 4067 1595 4129 &ione
1622 4114 1642 4144 ‚
1686 4068 1970 4133 licentiam
2008 4072 2333 4137 theatralem
2372 4075 2670 4153 promiscue
2710 4077 2774 4167 jn
2852 4077 3130 4156 Inscript.
3226 4097 3355 4139 om.
3392 4080 3444 4136 Ι.
3479 4094 3615 4215 ffig.
3655 4099 3848 4140 cccv.
3890 4079 3965 4138 C.
3998 4078 4193 4138 LAE-

1418 4148 1615 4239 equire·
1642 4149 1929 4228 speclandi
1991 4151 2227 4215 inhibuit
2263 4202 2286 4233 ‚
2351 4158 2615 4218 Sueten.
2704 4176 2774 4217 m
2852 4157 3129 4217 (ΞΑΝῙΟΑ
3171 4156 3419 4217 BASSO
3940 4230 3953 4244 ·
4144 4231 4190 4246 Γ

1414 4227 1671 4290 Domrt.
1704 4232 1870 4294 vlu.
2925 4243 2947 4286 ³
2992 4237 3422 4298 Juvzmuaus
3467 4237 3693 4311 rums]
3727 4234 3824 4296 De
3848 4232 4073 4312 qulbus
4097 4234 4190 4298 dr-

1502 4316 1522 4346 ¹
1569 4308 1696 4369 Pan
1736 4331 1994 4373 Aurum
2036 4331 2280 4372 renam
2318 4313 2515 4387 suar]
2543 4310 2771 4390 Turpi·
2845 4314 3012 4374 ctum
3037 4312 3210 4393 supra
3232 4313 3461 4376 Annal.
3498 4314 3668 4384 XIV,
3694 4332 3788 4393 15.

1418 4394 1515 4446 ter
1563 4383 1785 4449 foedati
1816 4411 1836 4466 ;
1880 4391 2026 4451 cum
2072 4409 2209 4453 non
2247 4389 2445 4452 modo
2484 4388 2726 4469 equites
2748 4438 2768 4467 ,
2920 4399 2954 4439 4
2991 4393 3051 4452 N
3060 4414 3374 4468 εΑΡοιιΜ,
3396 4411 3580 4466 QuAs1
3615 4392 3914 4455 Guzcau-
3939 4392 4189 4465 uanam]

1417 4460 1527 4552 sed
1553 4462 1900 4541 senatores,
1931 4482 2119 4548 atque
2167 4468 2356 4530 etiam
2384 4468 2642 4532 illustres
2678 4467 2770 4532 fe·
2844 4469 3427 4534 AChalcidenfibus
3471 4470 3811 4534 conditam.
3844 4470 4019 4531 Unde
4052 4465 4183 4529 Pli-

1414 4558 1603 4604 mmae
1647 4591 1666 4619 ‚
1712 4544 1781 4607 in
1841 4565 2093 4609 arenam
2138 4546 2586 4611 descenderent
2623 4594 2643 4623 ‚
2697 4548 2769 4612 &
2842 4551 2984 4613 nius
3013 4553 3143 4626 111,
3179 4571 3234 4632 5.
3264 4554 3420 4614 Sea.
3444 4573 3510 4626 9.
3545 4547 3815 4623 Neapolis
3839 4542 4181 4608 Chalciden-

1412 4618 1835 4711 gladiatorum
1891 4644 2072 4689 more
2132 4643 2499 4707 pugnarent.
2569 4628 2766 4704 Quod
2822 4625 2970 4706 stum
2995 4628 3056 4690 Cr
3079 4630 3191 4710 ipsi:
3223 4677 3243 4704 ‚
3289 4628 3636 4702 Parthenope
3663 4647 3698 4685 a
3736 4622 3933 4684 tumulo
3954 4621 4180 4711 §irenis

1411 4699 1767 4762 mauditum
1778 4701 2049 4769 licentiae
2064 4725 2255 4788 genus
2274 4723 2597 4770 execratur
2610 4705 2761 4783 Dio,
2839 4706 3135 4783 appellata.
3165 4710 3378 4771 Hodie
3402 4705 3618 4781 Naples
3636 4750 3655 4778 ‚
3698 4720 3766 4764 ut
3791 4701 4019 4765 Velleu
4069 4703 4178 4763 Pa-

1411 4772 1584 4834 LXI·
1632 4797 1767 4859 pag·
1807 4789 1951 4860 697.
1989 4806 2061 4848 ac
2094 4784 2367 4850 maxime
2404 4785 2760 4862 Juvenalis,
2839 4788 3063 4851 terculi
3090 4804 3265 4851 aetate
3289 4835 3308 4863 ,
3353 4785 3441 4849 ita
3474 4785 3543 4848 8:
3587 4802 3752 4843 nunc
3797 4779 4084 4839 nobilitate
4114 4778 4178 4839 ὓ·

1408 4854 1722 4943 satyr-NJ,
1744 4879 1824 4934 24
1831 4878 1865 4938 5
1889 4861 1957 4922 &
1983 4862 2153 4941 seqq.
2172 4866 2327 4926 vul
2343 4912 2362 4940 ‚
2388 4887 2524 4943 194.
2547 4865 2760 4928 Paucis
2837 4867 3157 4930 amoenitate
3179 4869 3321 4935 urbs
3337 4859 3804 4944 prestantiffima
3819 4906 3841 4940 ‚
3872 4858 4182 4926 Patercul.

1406 4932 1748 4999 suetonius
1782 4955 1854 5000 m
1887 4938 2039 5004 Ner.
2076 4944 2218 5006 XII.
2264 4941 2536 5008 Exhibuit
2574 4947 2757 5023 Nero
2834 4947 2902 5027 1,
2930 4969 2995 5028 4.

4349 1114 4397 1193 5

4291 1747 4394 1802 10
