4975 6149
869 382 1696 481 ANNALruM
1760 393 2202 547 maen
2264 400 3268 512 DuoDECIMus.
3347 447 3476 536 σς,

684 556 1049 673 legatus,
1088 553 1523 641 auxiliares
1580 560 2051 672 Vangionas
2113 592 2214 647 ac
2267 566 2664 659 Nemetas
2731 587 2804 682 ¹,
2869 582 3146 670 addito
3208 594 3481 702 equite
3525 627 3760 677 ιε-

678 686 928 775 alario
972 693 1053 787 ²,
1120 685 1450 769 monuit
1478 744 1509 787 ,
1573 718 1619 762 c<
1657 713 1748 769 ut
1819 691 2221 775 anteirent
2288 696 2811 809 populatores
2847 767 2878 811 ,
2961 711 3098 796 vel
3159 715 3477 834 dilapsis
3528 702 3758 759 Δϋσ·

676 811 1156 929 »improvisi
1227 812 2079 901 circumfunderentur
2125 852 2214 903 >›.
2286 819 2394 903 Et
2441 822 2718 912 secuta
2768 836 3192 924 confilium
3245 846 3474 935 ducis

680 942 1058 1028 industria
1117 937 1481 1022 militum
1526 1000 1554 1043 ,
1620 941 2004 1055 divisique
2075 948 2164 1026 in
2232 947 2396 1033 duo
2470 958 2792 1065 agmina
2837 1020 2868 1065 ,
2958 969 3096 1073 qui
3178 968 3472 1062 laevum

520 1104 527 1111 ·
579 1085 629 1170 5
678 1070 829 1153 iter
862 1079 887 1129 ³
945 1070 1451 1183 petiverant,
1492 1068 1776 1154 recens
1818 1073 2176 1159 reversos
2204 1134 2232 1177 ,
2270 1076 2689 1190 praedfique
2727 1116 2871 1199 per
2907 1085 3194 1176 luxum
3227 1102 3469 1208 usos,

678 1204 761 1281 ὅ(
789 1197 1084 1282 somno
1123 1224 1409 1308 graves
1465 1197 2103 1284 circumvenere.
2149 1203 2408 1289 Aufiia
2444 1203 2720 1295 laetitia
2748 1272 2779 1315 ,
2817 1218 3037 1325 quod
3075 1225 3465 1331 quosdam

606 1362 609 1367 ⁴
677 1353 730 1408 e
802 1321 1036 1408 clade
1106 1316 1460 1410 Variana
1511 1331 1552 1383 ⁴
1583 1382 1615 1428 ,
1688 1328 1866 1440 post
1937 1329 2627 1444 quadragesimum
2697 1369 3000 1427 annum
3036 1404 3067 1451 ,
3130 1349 3462 1444 servitio

676 1475 1169 1535 exemerant.

798 1576 1272 1665 XXVIII.
1339 1576 1488 1661 ΑΤ
1540 1602 1722 1677 Qut
1802 1580 2104 1666 dextris
2190 1590 2276 1668 ὅ(
2346 1591 2860 1705 propioribus
2951 1606 3463 1717 compendiis

528 1693 625 1790 xo
671 1701 983 1808 ierant,
1040 1701 1292 1789 obvio
1349 1707 1554 1787 hosti
1608 1714 1693 1790 ὃς
1745 1711 2023 1793 aciem·
2051 1710 2299 1815 auso,
2342 1713 2524 1827 plus
2574 1719 2824 1807 cladis
2877 1723 3191 1812 faciunt
3243 1741 3300 1816 ς,
3349 1733 3459 1820 Et

668 1829 928 1944 praeda
978 1829 1350 1941 famaque
1385 1836 1698 1936 onusti,
1738 1835 1838 1918 ad
1874 1864 2243 1922 montem
2282 1840 2665 1929 Taunum
2705 1877 3269 1959 revertuntur,
3311 1858 3457 1943 ubi

666 1957 1172 2072 Pomponius
1236 1989 1421 2044 cum
1494 1957 1959 2074 legionibus
2014 1966 2631 2079 opperiebatur,
2678 1976 2737 2057 fi
2798 1977 3022 2063 Catti
3069 1984 3454 2096 cupidine

672 2082 1115 2170 ulciscendi
1160 2087 1431 2181 casum
1483 2118 1771 2206 pugnae
1809 2088 2280 2205 praeberent.
2306 2092 2445 2179 Illi
2484 2128 2751 2206 metu,
2784 2134 2886 2187 ne
2915 2109 3111 2191 hinc
3140 2110 3453 2196 Roma-

666 2240 810 2295 nus
838 2271 865 2314 ,
916 2212 1104 2296 inde
1143 2212 1591 2320 Cherusci,
1648 2247 1838 2301 cum
1888 2216 2064 2329 quis
2105 2225 2487 2305 aeternum
2543 2225 3060 2334 discordant,
3097 2236 3452 2319 circum-³

524 2364 615 2453 15
668 2340 1238 2448 grederentur,
1296 2338 1614 2453 legatos
1657 2346 1745 2427 in
1790 2345 2095 2431 Urbem
2140 2355 2225 2432 ὅ(
2279 2346 2590 2437 obfides
2644 2356 2980 2442 misere:
3042 2358 3447 2446 decretus:-

659 2492 812 2581 *que
879 2468 1340 2593 Pomponio
1413 2469 1923 2588 triumphalis
1983 2477 2293 2585 honos,
2346 2479 2677 2566 modica
2742 2512 2923 2599 pars
2980 2485 3208 2571 famae
3272 2483 3446 2598 ejus
3502 2555 3507 2559 -

740 2801 761 2833 ¹
778 2798 891 2858 Va
907 2818 946 2858 n
965 2816 1002 2859 c
1019 2819 1040 2859 1
1062 2822 1102 2862 o
1122 2820 1160 2862 n
1179 2823 1215 2861 A
1235 2821 1263 2862 s
1310 2821 1390 2864 Ac
1431 2801 1497 2864 N
1512 2824 1545 2863 ε
1566 2823 1616 2867 u
1637 2825 1720 2869 nr
1740 2828 1777 2866 A
1798 2809 1877 2883 s]
1904 2805 2005 2870 CI.
2088 2821 2418 2872 venerant.
2476 2809 2684 2873 Praeda
2743 2811 2947 2874 onusti
2965 2859 2985 2888 ‚
3036 2812 3446 2898 viaotiaeque

660 2871 1057 2957 schoepflin,
1094 2878 1324 2942 Aliaria
1361 2880 1701 2957 Illustrata,
1737 2884 1931 2947 Tom.
1959 2888 2007 2946 Ι.
2085 2886 2256 2950 fama
2290 2887 2560 2969 insignes
2600 2890 2684 2950 ad
2716 2907 3008 2953 montem
3037 2894 3329 2956 Taunum
3353 2915 3444 2957 te·-

708 2970 801 3030 ag.
834 2973 855 3011 ι
874 2959 946 3028 36
979 2955 1049 3019 δε
1078 2964 1189 3033 362
1217 2957 1523 3023 existimat
1547 2965 1683 3023 Van
1729 2960 1909 3027 ionas
1933 2984 2008 3028 ac
2084 2983 2418 3030 vertuntur
2439 3009 2459 3038 ,
2489 2968 2604 3029 ubi
2624 2969 3012 3049 Pomponius
3052 2992 3200 3035 cum
3226 2974 3287 3037 le
3331 2972 3439 3037 io-

667 2968 964 3093 Rlemetas
989 3048 1137 3098 tunc
1165 3038 1464 3118 temporis
1482 3037 1659 3104 fuiffe
1736 3041 2006 3106 ransrhe·
2083 3044 2269 3109 nibus
2310 3045 2800 3138 opperiebatur,
2846 3046 2892 3111 fi
2923 3048 3090 3113 Catti
3139 3051 3280 3132 cupi
3332 3051 3439 3119 'ne

667 3127 912 3197 panos;
945 3131 1062 3176 nec
1102 3114 1188 3179 cis
1209 3115 1495 3181 Rhenum
1532 3117 1865 3195 habitasse,
1892 3121 2007 3184 nifi
2083 3124 2428 3191 ulciscendi
2470 3126 2676 3191 casum
2714 3147 2933 3208 pugna:
2961 3132 3330 3218 praeberent.
3353 3137 3441 3199 At

667 3204 828 3250 intra
858 3189 1105 3255 Claudii
1159 3196 1230 3258 &
1292 3196 1425 3261 Ves
1456 3196 1646 3260 afiani
1698 3214 2005 3289 tempora.
2084 3202 2181 3263 illi
2204 3204 2511 3283 ancipitia
2542 3204 2699 3269 belli
2740 3223 3017 3287 experti,
3042 3209 3120 3294 ¹&
3140 3209 3287 3271 hinc
3307 3212 3436 3273 Ro-

659 3264 722 3328 Si
745 3268 1195 3336 Transrhenani
1216 3291 1369 3339 tunc
1420 3276 1626 3341 uerint
1642 3281 2003 3358 Vangiones
2080 3300 2300 3343 manos
2325 3327 2344 3355 ,
2368 3282 2519 3343 inde
2547 3281 2892 3346 Cheruscos
2921 3284 3114 3345 veriti
3138 3333 3158 3363 ‚
3191 3287 3433 3367 legatos

656 3344 1062 3427 &Nemetes‚
1081 3374 1218 3417 non
1235 3354 1768 3435 videnturprocul
1781 3372 2003 3422 monte
2082 3356 2152 3420 in
2199 3360 2435 3422 Urbem
2480 3360 2552 3423 δε
2575 3357 2822 3422 obfides
2856 3360 3099 3423 misere.
3417 3439 3422 3442 ,

656 3423 920 3501 Tauno,
963 3431 1043 3493 de
1087 3452 1219 3513 quo
1263 3453 1422 3498 mox
1460 3434 1740 3512 dicetur,
1770 3434 2005 3501 conse-
2157 3445 2192 3486 4
2226 3439 2277 3500 E
2306 3460 2516 3501 crana
2549 3441 2899 3515 Vanum]
2942 3439 3041 3501 De
3070 3437 3185 3505 hac
3214 3437 3427 3518 clade,

655 3502 825 3567 diffe.
843 3506 1213 3573 Cisrhenani
1239 3517 1392 3577 vero
1415 3513 1777 3595 Vangiones
1793 3563 1812 3592 ,
1833 3536 2004 3580 nunc
2078 3517 2232 3597 saepe
2266 3517 2506 3581 distum
2533 3518 2762 3579 Annal.
2786 3519 2816 3578 1
2853 3521 2928 3581 ὃ(
2973 3521 3054 3579 Π.
3263 3537 3267 3543 ’

656 3580 708 3642 le
735 3581 934 3664 dioc-est
961 3585 1028 3649 de
1070 3590 1327 3673 Worms;
1373 3594 1671 3658 Nemetes
1706 3593 1759 3655 le
1804 3593 2006 3677 diocese
2163 3607 2182 3653 5
2227 3600 2387 3660 Ptus
2428 3618 2657 3660 cums
2706 3601 3027 3676 metuar]
3082 3600 3266 3660 Juxta
3321 3597 3427 3662 Cl.

656 3660 725 3722 de
758 3661 945 3738 SPl‘re·
2076 3675 2440 3756 Schoepflin
2467 3723 2486 3752 ,
2532 3676 2765 3740 Alsatia
2806 3676 3084 3739 illustrat.
3143 3676 3332 3770 Thom.
3375 3679 3428 3739 Ι.

654 3787 657 3792 »
724 3751 755 3782 ²
781 3746 1026 3817 Eoum
1052 3754 1344 3830 amnuo]
1378 3752 1450 3813 ld
1476 3752 1561 3816 est
1592 3751 2002 3818 auxiliaribus
2118 3774 2213 3836 ag.
2254 3762 2394 3834 362.
2417 3755 2694 3820 Romani
2720 3804 2739 3833 ‚
2763 3755 2832 3818 in
2872 3754 2987 3820 hac
3008 3774 3217 3836 pugna
3253 3751 3382 3816 caefi
3402 3800 3425 3829 ,

650 3822 978 3902 equitibus
1001 3844 1073 3891 ut
1093 3826 1259 3893 infra
1288 3831 1517 3894 Annal-
1548 3834 1741 3907 xm,
1783 3854 1811 3910 3
1826 3853 1884 3914 5.
2112 3833 2224 3894 aud
2247 3855 2459 3911 paucos
2503 3855 2575 3895 ex
2627 3835 2715 3896 uis
2762 3831 3219 3926 desider-avaient.
3265 3828 3428 3923 Carti

654 3943 665 3952 -
731 3912 753 3955 3
797 3907 931 3980 Qur
966 3930 1218 3974 Laevuu
1247 3931 1398 3972 mm
1433 3914 1462 3989 ]
1517 3911 1787 3989 Hujusce
1840 3912 2000 3977 belli
2075 3912 2205 3974 hinc
2228 3915 2425 3990 praedd
2452 3934 2482 3976 o
2613 3914 2661 3989 ⁰,
2703 3910 2766 3974 G·
2816 3912 2881 3975 ob
2920 3912 3204 3976 νιᾶσνιαπι
3247 3909 3428 3989 elata,

654 3979 944 4045 ordinem
971 3987 1181 4065 paucis
1199 3987 1433 4068 accipe.
1463 3991 1539 4054 L.
1572 3990 1994 4070 Pomponius,
2078 3994 2198 4052 cam
2242 3992 2321 4052 ad
2365 4010 2601 4055 montem
2658 3990 2915 4054 Taunum
2978 4008 3427 4083 reverterentur,

652 4072 725 4121 ut
748 4058 1157 4127 Germaniam
1195 4066 1578 4148 superiorem
1600 4087 1994 4162 protegeret,
2053 4070 2272 4153 sibique
2314 4070 2673 4150 Pomponium
2705 4092 2827 4133 cum
2862 4070 2914 4132 le
2936 4070 3172 4164 ‘ionibus
3211 4069 3424 4160 abusum

656 4154 941 4204 montem
982 4145 1313 4219 Taunum,
1349 4146 1399 4209 le
1443 4166 1594 4209 mont
1640 4148 1912 4231 Heyrzch,
1962 4173 1997 4215 e
2073 4151 2325 4214 viderent
2352 4196 2372 4224 ,
2415 4170 2752 4228 meuoentes,
2798 4170 2870 4212 ne
2928 4171 3021 4212 zac
3045 4171 3083 4210 a
3116 4149 3424 4220 Romanis,

656 4216 915 4295 regione
940 4223 1107 4287 urbis
1145 4226 1491 4310 Moguntioe
1513 4275 1532 4302 ‚
1552 4225 1831 4309 Mayence
1851 4276 1871 4305 ‚
1892 4251 1999 4294 oc·
2071 4230 2201 4292 inde
2221 4253 2258 4292 a
2278 4229 2568 4372 Cheriltscis
2585 4280 2608 4307 ‚
2633 4227 2933 4321 Germanis
2948 4227 3194 4323 qui-dem,
3213 4242 3276 4316 {lt
3287 4244 3425 4299 1⁷⁶¹·-

655 4296 932 4373 cupavit.
957 4301 1059 4364 Ad
1082 4304 1307 4367 laevum
1328 4306 1566 4371 montis
1589 4307 1833 4386 Tauni,
1858 4308 1999 4371 Cat·
2066 4311 2251 4385 petuis
2290 4331 2431 4371 aemu
2453 4312 2506 4373 is
2550 4311 2635 4372 uis
2689 4328 2851 4402 atque
2891 4326 3152 4396 znumczs·
3181 4322 3425 4366 cucum-

652 4386 759 4435 ros
797 4374 966 4438 suam
1004 4380 1072 4442 in
1110 4384 1371 4462 patriam
1416 4398 1799 4451 revertentes
1837 4387 1997 4453 inse-
2072 4388 2376 4464 darentur,
2429 4390 2496 4450 ob
2516 4387 2636 4452 zdes
2684 4389 2947 4468 milet-unt
2975 4406 3020 4476 ‚2
3060 4402 3150 4464 qm
3191 4379 3424 4447 Romam

648 4450 785 4516 cuti
815 4453 962 4518 sunt
988 4479 1121 4538 pars
1140 4463 1544 4545 Vangionum
1564 4509 1585 4538 ,
1611 4467 1994 4542 Nemetum,
2072 4467 2288 4530 abdubii
2307 4467 2570 4544 fecerunt
2598 4484 2661 4528 ut
2702 4463 3053 4554 triumphalis
3095 4459 3266 4520 honos
3316 4457 3424 4552 gie-5

649 4529 723 4593 &
763 4532 998 4614 equitis
1030 4540 1237 4602 alarii:
1266 4563 1376 4607 eos
1402 4543 1610 4623 padi
1637 4565 1746 4623 per
1772 4547 1995 4609 luxum
2070 4565 2386 4610 cerneretur
2411 4546 2732 4621 Pomponio.
2771 4547 2924 4608 Eam
2954 4549 3422 4630 mterpretaqo·

647 4607 788 4672 usos
832 4614 904 4678 &
946 4615 1174 4681 somno
1224 4623 1451 4699 graves
1488 4623 1992 4688 circumvenere.
2072 4648 2221 4691 nem
2266 4626 2496 4692 refutat
2534 4625 2554 4687 i
2588 4624 2660 4714 ⁸sa
2695 4626 2975 4718 iatrmtas
3000 4619 3072 4683 &
3116 4634 3421 4710 nan-atro*

650 4687 786 4750 Pars
823 4693 1015 4759 altera
1035 4743 1055 4769 ,
1103 4698 1322 4762 dextra
1358 4702 1428 4764 ὃ(
1470 4701 1770 4782 propiora
1819 4723 1994 4767 com-
2072 4706 2168 4768 nis
2228 4704 2434 4768 series.
2497 4707 2553 4765 A
2583 4702 2763 4782 iqurd
2820 4718 2989 4787 ‘vero
3047 4697 3305 4789 humani
3351 4718 3421 4761 m

698 4767 878 4833 endia
910 4774 1228 4852 petivere:
1266 4778 1476 4842 obviis
1518 4779 1717 4844 Cattis
1782 4801 1992 4861 popu-
2070 4798 2249 4846 tanto
2281 4829 2301 4857 ‚
2345 4797 2618 4867 tamque·
2663 4776 2912 4868 erussto
2960 4797 3151 4857 opere
3215 4794 3420 4866 {tree-

718 4845 993 4940 tqribus‚
1020 4855 1355 4937 aciemque
1399 4857 1554 4922 auiis
1576 4905 1596 4932 ,
1626 4858 1760 4938 plus
1786 4858 1991 4939 stragis
2067 4859 2195 4922 fiffe
2244 4879 2442 4924 nemo
2479 4904 2502 4937 ,
2551 4855 2672 4919 rufi
2713 4857 3051 4921 illiteratus
3074 4902 3096 4935 ,
3149 4858 3420 4920 mirabi-

646 4918 856 4989 secere
874 4973 897 5006 ‚
919 4934 1105 5012 quam
1133 4935 1246 5019 qui
1268 4936 1710 5006 somnolentos
1732 4937 1997 5006 circum-
2067 4954 2189 5006 tur.
2802 5023 2894 5111 H
2956 5024 2972 5043 ·
2991 5017 3009 5036 .
3389 4985 3398 4990 -

3569 805 3718 881 8034

3566 923 3617 971 J.
3650 926 3714 975 C.

3586 1031 3692 1094 50-
