4975 6149
1465 421 1731 573 «μ’
1992 461 2095 550 o.
2223 440 3066 547 CORNELII
3191 443 3862 539 TACITIL·

1173 657 1408 704 a
1454 655 1558 712 ex
1584 617 1921 710 vulnere
1953 623 2246 709 refecta
2268 684 2296 726 ,
2337 650 2618 707 verum
2666 622 3020 735 aperuit:
3055 610 3647 731 postulatusque
3685 616 3898 733 apud
3944 620 4244 707 consu--

1174 734 1401 882 ζῇς·
1453 753 1573 841 les
1613 784 1659 836 a
1709 776 1931 867 patre
1987 750 2454 851 interfectae,
2499 748 2912 864 postquam
2940 741 3351 829 tribunatu
3381 741 3688 827 abierat
3729 754 3751 791 ¹
3771 744 4228 850 ,sententia

1229 932 1275 982 J,
1313 935 1378 988 c,
1444 891 1827 997 patrum,
1880 884 1965 961 ὅ(
2023 873 2206 988 lege
2262 874 2361 958 de
2418 874 2709 957 ficariis
2766 870 3349 955 condemnatur
3378 876 3460 952 ².-

1237 1020 1342 1093 58·
1586 1005 1880 1090 XLV.
1945 1006 2034 1086 N
2050 1029 2180 1086 oN
2229 1004 2529 1082 Mmus
2583 997 2949 1109 insignis,
2987 1024 3088 1078 eo
3137 1024 3405 1097 ann0,
3454 995 4012 1110 impudicitia,
4066 1029 4225 1084 ma·-

1455 1160 1810 1243 gnorum
1861 1125 2318 1243 reipublicae
2349 1122 2749 1209 malorum
2776 1125 3098 1206 initium
3135 1121 3357 1206 fecit.
3389 1120 3580 1210 Erat
3603 1124 3688 1202 in
3731 1124 4061 1209 civitate
4083 1129 4227 1212 Sa-
4305 1172 4308 1181 ·
4342 1153 4404 1238 ς.

1456 1256 1649 1341 bina
1701 1257 2091 1369 Poppaea³
2125 1312 2154 1357 ,
2192 1254 2301 1336 T.
2333 1249 2571 1336 Ollio
2602 1272 2824 1364 patre
2862 1250 3136 1360 genita
3159 1307 3187 1349 ,
3219 1246 3356 1330 sed
3393 1277 3698 1358 nomen⁴
3719 1252 3851 1331 avi
3884 1256 4224 1337 materni

1457 1382 1946 1497 sumpserat,
2017 1375 2321 1460 inlustri
2376 1372 2767 1461 memoria
2839 1374 3166 1488 Poppaei
3210 1370 3489 1456 Sabini
3536 1384 3623 1476 ⁴,
3676 1373 4078 1460 consulari
4139 1386 4223 1462 ὅ(

1455 1502 1926 1621 triumphali
1951 1504 2246 1589 decore
2276 1500 2845 1617 praefulgenti&
2882 1504 3102 1584 Nam
3127 1495 3450 1582 Ollium
3474 1501 3989 1603 ,honoribus
4025 1534 4223 1588 non-

1457 1634 1653 1718 dum
1701 1633 2060 1713 functum
2096 1638 2121 1694 ⁵
2137 1690 2166 1733 ,
2200 1631 2554 1715 amicitia
2587 1624 2858 1734 Sejani
2890 1627 3301 1741 pervertit.
3332 1628 3557 1712 Huic
3592 1625 3911 1712 mulieri
3939 1632 4223 1714 cunfflt

1450 1756 1618 1841 alia
1641 1759 1891 1859 fuere,
1918 1782 2195 1870 praeter
2219 1756 2638 1839 honestum
2672 1756 3054 1839 animum.-
3088 1755 3420 1869 Quippe
3436 1780 3687 1837 mater
3711 1750 3877 1860 ejus
3894 1752 3959 1858 ⁶,
3976 1759 4221 1839 aetatis
4293 1778 4413 1847 τε)

1456 1882 1610 1966 suae
1657 1884 1993 1968 feminas
2040 1878 2646 1998 pulchritudine
2676 1878 3164 1996 supergress‘a
3193 1937 3220 1981 ,
3261 1880 3610 1991 gloriam
3642 1882 3935 1995 pariter
3957 1889 4040 1966 &
4068 1882 4225 1965 for-

1454 2039 1671 2094 mam
1737 2009 2085 2094 dederat.
2148 2009 2374 2121 Opes
2435 2006 2899 2092 claritudini
2962 2006 3278 2119 generis
3351 2004 3880 2091 sufficiebant.
3939 2011 4225 2094 Sermo

1456 2138 1717 2219 comis
1742 2193 1769 2237 ,
1822 2165 1977 2218 nec
2038 2131 2465 2216 absurdum
2528 2135 2964 2243 ingenium·
3017 2166 3035 2213 ε
3107 2127 3578 2216 modestiam
3657 2134 4016 2245 praeferre
4044 2193 4075 2236 ,
4143 2143 4230 2219 δε

1456 2256 1789 2343 lascivia
1837 2261 2013 2341 uti:
2063 2286 2279 2341 rarus
2332 2262 2427 2339 in·
2464 2254 2884 2372 publicum
2954 2258 3349 2367 egressus3
3401 2256 3640 2367 idque
3692 2254 3959 2340 velata
4001 2285 4228 2371 parte

1457 2388 1622 2468 oris
1649 2440 1679 2487 ,
1742 2413 1842 2465 ne
1882 2383 2200 2467 satiaret
2246 2382 2707 2497 aspectum,
2740 2378 2877 2466 vel
2920 2383 3106 2491 quia
3153 2384 3261 2469 fic
3300 2380 3661 2467 decebat.
3689 2384 3759 2466 F
3762 2411 3951 2465 amae
3992 2413 4227 2466 num·
4291 2413 4324 2464 1
4349 2404 4410 2488 ς

1457 2536 1701 2622 quam
1736 2512 2140 2623 pepercit,
2188 2512 2517 2594 maritos
2571 2516 2656 2593 ὅ(
2700 2503 3101 2591 adulteros
3152 2541 3322 2596 non
3376 2510 3864 2620 distinguens
3904 2542 3932 2589 r
3969 2534 4231 2621 neque

1457 2636 1780 2720 affectui
1829 2634 2026 2737 sue,
2068 2660 2206 2720 aut
2252 2634 2525 2720 alieno
2558 2633 2912 2719 obnoxia
2941 2693 2969 2738 ,
3023 2637 3239 2721 unde
3287 2632 3592 2719 utilitas
3635 2633 4178 2719 ostenderetur
4198 2659 4236 2740 ,·

1459 2757 1662 2844 illuc
1714 2755 2136 2843 libidinem
2182 2759 2728 2846 transferebat.
2779 2762 3037 2872 Igitur
3077 2787 3447 2874 agentem
3483 2790 3660 2845 eam
3696 2761 3785 2841 in
3818 2764 4230 2847 matrimo-

1460 2889 1602 2969 nio
1652 2884 1848 2969 Rufi
1889 2883 2280 2999 Crispini,
2346 2889 2634 2997 equitis
2674 2888 3074 2988 Romani,
3114 2917 3218 2971 ex
3244 2916 3404 2997 quo
3441 2885 3702 2970 filium
3734 2913 4122 2998 genuerat
4150 2899 4228 2991 ⁷,

1466 3013 1702 3096 Otho
1732 3002 1763 3053 ⁸
1790 3005 2127 3124 pellexit
2155 3007 2489 3118 juventa
2513 3043 2607 3097 ac
2647 3009 2846 3095 luxu
2875 3070 2902 3115 ,
2936 3019 3022 3096 ὃ(
3056 3017 3243 3123 quia
3272 3012 3904 3126 flagrantissimus
3929 3015 4013 3096 in
4039 3017 4229 3099 ami·
4284 3050 4394 3107 20

1465 3133 1660 3221 citi&
1714 3138 1804 3220 N
1804 3140 2090 3236 eronis·
2119 3136 2581 3224 habebatur.
2623 3143 2720 3224 N
2722 3169 2819 3223 ec
2857 3169 3082 3222 mora
3111 3198 3140 3244 ,
3171 3143 3366 3251 quin
3401 3137 3795 3225 adulterio
3833 3145 4233 3225 matrimo-

1462 3291 1692 3367 mum
1721 3287 2212 3372 jungeretur.

1589 3387 1944 3473 XLVI.
2011 3391 2314 3478 OTHO
2338 3449 2368 3497 ,
2420 3391 2580 3478 five
2633 3419 2905 3476 amore
2945 3393 3370 3498 incautus,
3422 3390 3744 3477 laudare
3813 3390 4229 3476 «formam

1548 3706 1572 3739 ²
1616 3693 2355 3787 Tmnumru'amnur]
2391 3695 2553 3765 Non
2579 3708 2814 3779 antea,
2887 3701 3204 3766 Suetonio
3244 3693 3312 3764 in
3355 3695 3509 3764 Ner.
3550 3691 3810 3764 XXXV.
3861 3690 4245 3762 obtinuerat

1462 3776 1562 3841 'ob
1594 3775 1972 3857 magistratus
2009 3778 2403 3858 dignitatem.
2888 3780 3012 3863 ‘quii
3039 3780 3122 3844 ad
3146 3781 3524 3862 magistratus
3568 3779 3790 3842 aditus.
4211 3842 4218 3850 ,

1549 3865 1577 3893 ²
1619 3857 1796 3918 Leon
1838 3878 1920 3917 nn
1955 3878 2227 3919 s1cA1u1s
2277 3862 2808 3935 counauunua]
2967 3862 2995 3900 ⁶
3038 3861 3273 3923 Muza
3310 3881 3447 3926 mus
3472 3860 3502 3933 ]
3528 3858 3623 3918 De
3646 3855 3767 3935 qua
3790 3854 3965 3933 supra
3995 3851 4228 3914 Annal.

1368 3949 1375 3956 ’
1466 3932 1647 4010 Lege
1689 3933 1989 4022 Cornelia
2019 3935 2097 3997 de
2143 3933 2373 3998 ficariis
2418 3936 2812 4000 condemna-
2889 3940 3017 4014 xl,
3049 3961 3103 4001 1.
3143 3938 3290 4001 Nos
3326 3959 3402 3999 ue
3432 3934 3702 3997 diximus
3726 3933 3795 3993 in
3812 3931 4227 4010 Supplemem

1468 4024 1605 4084 tur,
1642 4011 1713 4074 δε
1742 4031 1810 4072 m
1855 4011 2138 4075 exfilium
2189 4013 2591 4094 deportatur,
2647 4015 2812 4078 infra
2890 4032 2959 4079 to
2991 4016 3218 4077 Annal.
3311 4018 3374 4090 1,
3416 4032 3475 4095 5.
4207 4081 4210 4084 ,

1466 4086 1623 4150 nist.
1651 4090 1905 4179 lV,·44.
1927 4090 2024 4153 De
2059 4090 2081 4150 i
2125 4089 2185 4151 si
2217 4092 2353 4172 lege
2379 4092 2682 4154 Cornelia
2723 4096 2813 4156 vi-
2969 4103 2995 4146 ⁷
3037 4094 3284 4155 Fruuu
3311 4110 3645 4155 canutum*
3669 4086 3986 4168 J‘Rufinum
4012 4085 4111 4148 Cn·
4132 4086 4226 4161 piss-

1471 4166 1555 4229 de
1611 4167 1991 4244 Gravmam,
2098 4169 2308 4248 rigines
2359 4167 2523 4230 Juris
2561 4169 2810 4246 Civilis,
2887 4189 3057 4247 num,
3135 4189 3280 4232 uem
3315 4169 3643 4262 impu-berem·
3677 4166 3855 4228 adhuc
3880 4215 3899 4242 ,
3935 4166 4061 4247 quia
4115 4185 4226 4225 ere-

1472 4247 1853 4388 pag-3733
1864 4247 2176 4390 segolssrza
2213 4327 2244 4402 ]
2316 4324 2413 4387 De
2474 4325 2598 4416 qui
2659 4325 2810 4392 vide
2887 4247 3427 4404 zzssrmgrfiafuhgz
3452 4244 4230 4415 lssffhxtffl-erlgffvfflfflezffi

1474 4401 1653 4481 supra
1671 4405 1860 4467 Tom.
1900 4406 1950 4467 1.
1991 4424 2129 4486 pag.
2148 4407 2583 4485 467,Stemrna
2607 4396 2808 4471 Caesa-
2888 4405 3243 4468 demandavit
3294 4408 3470 4470 Nero
3515 4453 3536 4484 ,
3602 4409 3863 4470 Sueton.
3925 4425 3996 4466 m
4072 4403 4231 4463 Ner.·

1474 4499 1656 4555 rum,
1704 4503 1875 4545 num.
1929 4504 2024 4562 37.
2889 4488 3149 4549 XXXV.
3285 4560 3294 4566 Δ

1554 4567 1586 4607 ⁴
1624 4561 1864 4623 Porpm
1894 4565 2106 4625 Saanu
2140 4564 2172 4639 J
2205 4564 2262 4625 Is
2299 4559 2550 4623 videtur
2588 4561 2712 4625 effe·
2733 4567 2808 4627 C.
2972 4563 2996 4605 ⁸
3041 4565 3284 4640 O’rno]
3312 4564 3523 4627 Postea
3545 4564 3906 4643 Imperator.
3928 4561 4227 4619 Amorem

1475 4635 1768 4714 Poppaeus
1792 4640 2057 4704 Sabinus
2080 4686 2097 4715 ,
2127 4640 2235 4722 qui
2275 4639 2664 4705 consulatum
2685 4643 2814 4722 ges·
2889 4646 3045 4707 vero
3080 4642 3354 4706 Othonis
3387 4644 3457 4707 ὅτ
3489 4644 3758 4721 Poppaeae
3794 4638 3974 4701 aliter
4021 4653 4226 4723 narrat

1475 4708 1549 4771 fit
1594 4732 1761 4778 anno
1787 4720 1860 4780 U.
1910 4723 1987 4783 C.
2027 4741 2313 4784 ncctxn.
2889 4721 3146 4785 Tacitus
3177 4720 3328 4782 Hist.
3361 4722 3429 4792 1,
3482 4740 3572 4795 13.
3608 4719 3680 4779 Id
3718 4712 4027 4802 reputanti
4067 4713 4223 4774 mihi

1557 4797 1575 4842 5
1620 4791 1737 4854 Ho
1761 4816 1856 4857 uo
1881 4819 1919 4857 R
1946 4820 1965 4858 1
1991 4820 2081 4860 nu
2103 4823 2130 4861 s
2182 4818 2514 4861 nonnum
2567 4803 2806 4863 runc·-
2890 4799 3091 4870 visum
3112 4800 3228 4874 est,
3256 4797 3584 4872 Tacitum,
3606 4794 3714 4874 qui
3741 4794 3902 4874 prius
3928 4792 4238 4882 Historias>

1477 4870 1673 4942 τυκ]
1744 4871 1808 4930 Μ
1890 4873 1982 4934 nis
2027 4876 2414 4956 magistratus
2458 4878 2811 4942 honoribus
2889 4877 3155 4956 scripfit,
3183 4874 3449 4962 certiora
3472 4875 3800 4954 edoctum,
3831 4871 3960 4938 haec
3990 4891 4059 4935 m
4084 4874 4225 4940 An·-⁴

1477 4944 1764 5010 nondum
1936 4953 2120 5021 Qum.
2173 4956 2551 5034 Quaesturam
2583 5004 2608 5040 ,
2664 4958 2844 5040 teste,
2889 4956 3134 5046 nulibus
3163 4952 3492 5025 tradidisse.
