4975 6149
1198 522 1432 573 -

1199 604 1430 657 AALC.

1239 694 1387 768 803.

1235 795 1284 846 J.
1321 796 1384 846 C.

1239 901 1347 965 50·

1480 342 1602 422 66
1923 332 2113 436 [C.
2221 327 3045 419 CORNELII
3159 325 3734 413 TACITI

1604 492 2176 581 XXXVIII.
2242 497 2646 581 VocA'rr
2685 492 3015 607 posthac
3055 516 3317 606 patres
3346 552 3374 596 ,
3412 487 3672 575 multa
3700 495 3788 574 6:
3823 490 4259 604 magnifica

1478 623 1712 738 super
1792 625 2262 739 captivitate
2338 620 2752 704 Carauaci
2815 609 3287 704 disseruere:
3382 653 3428 696 <t
3481 622 3781 731 Neque
3850 621 4114 704 minus
4170 619 4254 705 id
4289 677 4297 684 -

1479 785 1525 830 ι»
1546 748 1853 835 clarum
1880 810 1908 852 ,
1939 748 2178 859 quam
2205 754 2390 832 cum
2412 749 2850 863 Siphacem
2872 747 2960 830 P.
2996 748 3281 861 Scipio
3318 758 3379 850 ¹,
3420 747 3718 830 Persen
3741 746 3843 829 L.
3868 742 4196 830 Paullus
4219 800 4250 848 ,

1477 911 1525 958 >2
1545 886 1629 962 &c
1659 879 1712 958 fi
1745 879 1881 986 qui
1907 874 2045 959 alii
2074 878 2385 961 vintlos
2415 904 2645 986 reges
2691 869 3003 989 populo
3033 875 3420 958 Romano
3459 871 3882 956 ostendere*
3905 908 3948 979 '²
3970 936 3991 955 .
4025 871 4247 954 Cen-

1475 1005 1748 1089 sentur
1804 1037 1851 1079 «
1888 1004 2217 1087 Ostorio
2258 1004 2649 1116 triumphi
2695 1002 3032 1111 insignia
3069 1008 3216 1102 ²,>›
3289 999 3686 1114 prosperis
3738 999 3839 1083 ad
3891 998 3978 1082 id
4009 996 4245 1082 rebus
4355 1027 4404 1108 5

1474 1119 1649 1238 ejus‘
1681 1191 1709 1235 ,
1775 1159 1972 1215 mox
2025 1129 2423 1244 ambiguis
2463 1163 2480 1212 :
2534 1129 2694 1210 five
2730 1186 2761 1229 ,
2798 1125 3065 1236 quod,
3116 1151 3398 1210 amoto
3469 1125 3912 1211 CaraEtaco
3936 1186 3964 1228 ,
4030 1124 4246 1237 quasi

1472 1255 1970 1342 debellatum
2020 1256 2283 1360 foret,
2338 1259 2600 1339 minus
2651 1256 2961 1337 intenta
3001 1252 3216 1367 apud
3261 1282 3412 1336 nos
3474 1249 3767 1338 militia
3813 1254 4023 1348 fuit}
4084 1253 4243 1337 five

1469 1386 1732 1472 hostes
1758 1409 1810 1487 ,’
1836 1384 2348 1467 miseratione
2392 1383 2598 1466 tanti
2636 1383 2845 1493 regis
2871 1438 2902 1481 ‚
2949 1383 3205 1465 acrius
3253 1379 3353 1464 ad
3404 1377 3806 1463 ultionem
3851 1378 4243 1463 exarsere.

1466 1510 1928 1595 Praefefitum
1959 1512 2392 1593 castrorum
2413 1568 2444 1611 ,
2477 1505 3072 1620 &legionarias
3103 1509 3483 1594 cohortes
3514 1506 4004 1591 exstruendis
4029 1503 4242 1620 apud

1464 1635 1766 1721 Siluras
1819 1636 2189 1749 praefidiis
2238 1633 2548 1719 reliaas
2575 1694 2606 1737 ,
2655 1634 3343 1719 circumfundunt.
3396 1635 3526 1718 Ac
3575 1636 3660 1717 ni
3712 1636 3882 1717 cito
3918 1634 4125 1717 vicis
4156 1638 4239 1713 ὅ(
4299 1660 4401 1716 ιο

1467 1760 1809 1846 castellis
1881 1764 2268 1876 proximis
2348 1761 2834 1846 subventum
2897 1763 3112 1846 foret
3138 1822 3169 1865 ,
3234 1763 3487 1875 copiae
3558 1787 3735 1845 tum
3805 1759 4238 1844 occidione

1467 1886 2050 1973 occubuissent.
2087 1888 2503 1974 Praefeetus
2543 1917 2814 1974 tamen
2855 1897 2937 1974 ὃ(
2971 1891 3156 1973 οᾶο
3189 1890 3704 1977 centuriones
3730 1946 3758 1990 ,
3791 1918 3885 1970 ac
3915 1915 4239 2001 promp-

1461 2015 1791 2099 tissimus
1818 2016 2147 2125 quisque
2172 2012 2630 2129 manipulus
2654 2016 3024 2099 cecidere
3054 2050 3071 2096 ε
3099 2043 3254 2097 nec
3284 2012 3548 2096 multo
3579 2015 3750 2128 post
3766 2011 4238 2126 pabulantes

1462 2144 1775 2224 nostros
1802 2201 1828 2240 ‚
1872 2141 2286 2249 missasque
2333 2141 2435 2223 ad
2487 2140 2918 2223 subsidium
2966 2167 3265 2222 turmas
3318 2141 3780 2255 profligant.

1588 2267 1673 2349 X
1698 2268 1781 2349 X
1805 2266 1890 2348 X
1913 2267 1954 2347 I
1978 2266 2087 2348 X.
2130 2267 2231 2349 -T
2258 2290 2312 2347 υ
2343 2292 2406 2347 M
2465 2268 2831 2350 Ostorius
2896 2268 3278 2352 cohortes
3317 2265 3727 2380 expeditas
3755 2260 4130 2377 exposuit
4158 2272 4178 2322 ³
4212 2296 4230 2345 ε
4293 2299 4322 2353 1
4345 2291 4402 2376 ς·
4477 2331 4485 2335 «

1458 2421 1615 2476 nec
1665 2393 1852 2476 ideo
1909 2392 2187 2504 sugam
2239 2390 2546 2478 sistebat
2572 2453 2600 2497 ,
2659 2395 2745 2475 ni
2817 2390 3186 2507 legiones
3265 2392 3646 2507 proelium
3715 2390 4231 2504 excepissent.

1454 2515 1754 2601 Earum
1812 2517 2104 2604 robore
2166 2547 2468 2630 aequata
2526 2549 2850 2636 pugna,
2915 2520 3106 2606 dein
3154 2518 3388 2605 nobis
3447 2550 3596 2634 pro
3662 2516 4001 2602 meliore
4050 2516 4231 2602 fuit.

1452 2641 1840 2757 Effugere
1887 2648 2150 2731 hostes
2198 2650 2425 2731 tenui
2490 2648 2787 2732 damno
2824 2707 2852 2751 ,
2912 2649 3098 2759 quia
3157 2643 3601 2731 inclinabat
3666 2646 3861 2729 dies.
3925 2642 4228 2727 Crebra

1451 2772 1650 2856 hinc
1689 2770 2029 2886 proelia,
2059 2782 2142 2856 ὃ(
2195 2774 2470 2887 saepius
2525 2777 2607 2856 in
2668 2775 3006 2858 modum
3045 2773 3499 2858 latrocinii:
3546 2802 3684 2887 per
3734 2769 3976 2855 saltus
3999 2830 4027 2872 ,
4086 2799 4228 2883 per

1450 2896 1783 3010 paludes
1811 2928 1835 2995 3
1866 2927 1957 2982 ut
1999 2903 2288 3010 cuique
2318 2901 2483 2985 sors
2499 2960 2527 3002 ,
2557 2926 2695 2985 aut
2724 2903 3010 2986 virtus:
3045 2927 3347 2986 temere
3371 2891 3752 3015 ,proviso
3782 2927 3810 2995 3
3841 2895 3946 2981 ob
3977 2899 4173 2979 iram
4196 2955 4227 3001 ‚
4276 2930 4390 2987 2o

1452 3021 1560 3106 ob
1621 3025 2003 3138 praedam3
2040 3022 2242 3133 juffu
2272 3088 2301 3131 ‚
2337 3037 2420 3112 ὃ(
2460 3025 2892 3140 aliquando
2934 3031 3231 3141 ignaris
3271 3025 3656 3113 ducibus:
3691 3056 3786 3110 ac
3831 3020 4227 3139 praecipua

1447 3147 1807 3233 Silurum
1894 3151 2400 3266 pervicacia,
2475 3185 2676 3266 quos
2744 3154 3243 3240 accendebat
3302 3151 3632 3267 vulgata
3716 3153 4221 3264 imperatoris

1351 3361 1355 3365 ,
1442 3274 1806 3361 Romani
1845 3308 2052 3363 vox:
2119 3313 2164 3355 «
2205 3305 2296 3363 ut
2334 3282 2746 3392 quondam
2799 3282 3228 3394 Sugambri
3286 3282 3576 3383 excifi,
3632 3286 3715 3361 &
3760 3280 3846 3358 in
3908 3275 4218 3360 Gallias

1442 3399 1815 3510 »trajecCli
1843 3404 2111 3489 forent
2140 3415 2177 3465 ⁴
2193 3466 2222 3508 ,
2251 3409 2361 3491 ita
2394 3405 2751 3491 Silurum
2781 3438 3079 3492 nomen
3108 3410 3428 3522 penitus
3452 3401 4176 3515 exstinguendum»
4198 3465 4218 3487 .

1445 3526 1706 3641 Igitur
1748 3532 1938 3616 duas
1963 3528 2384 3618 auxiliares
2417 3537 2800 3623 cohortes
2824 3596 2853 3638 ‚
2878 3530 3207 3628 avaritia
3244 3533 3790 3649 praesefiorum
3818 3532 4218 3614 incautius
4269 3566 4313 3617 2
4330 3560 4377 3642 5

1444 3653 1926 3771 populantes
1951 3718 1981 3761 ,
2044 3661 2572 3775 intercepere.
2633 3659 3073 3776 Spoliaque
3147 3668 3230 3743 ὅ(
3302 3664 3667 3776 captivos
3740 3653 4160 3767 largiendo
4182 3713 4214 3760 ,

1442 3809 1751 3867 ceteras
1784 3808 2104 3896 quoque
2135 3790 2508 3873 nationes
2537 3787 2637 3872 ad
2674 3788 3209 3872 defeffionem
3249 3786 3672 3872 trahebant
3692 3843 3721 3891 ,
3762 3787 3948 3867 cum
3978 3782 4216 3869 taedio

1521 3984 1540 4013 ¹
1585 3976 1913 4040 Sinticen
1942 3980 2003 4040 P.
2039 3982 2255 4045 Scipio
2278 3983 2310 4058 ]
2335 3982 2565 4061 Siphax
2589 4030 2607 4057 ,
2633 3982 2788 4044 Mas·
2867 4003 2981 4059 44,
3000 3988 3154 4060 746,
3182 4002 3323 4063 557.

1438 4052 1791 4133 faesylorum
1822 4076 1930 4118 rex
1952 4105 1970 4132 ,
1997 4078 2032 4119 a
2061 4061 2122 4120 P.
2154 4059 2452 4140 Scipione
2474 4062 2539 4123 in
2571 4061 2787 4122 triurn-
2942 4071 2971 4101 ²
2997 4064 3340 4123 Tmumm
3367 4082 3640 4124 marcum
3659 4066 3690 4140 ]
3711 4063 3808 4125 De
3827 4058 3922 4122 his
3944 4057 4210 4140 insigni-

1437 4131 1566 4212 pho
1597 4133 1808 4198 duaus
1851 4154 2023 4198 anno
2069 4140 2142 4198 U.
2191 4140 2263 4200 C.
2316 4162 2508 4201 nrm.
2561 4140 2781 4219 Polyb.
2863 4140 2979 4202 bus
3002 4139 3151 4202 vide
3185 4138 3348 4202 infra
3381 4140 3448 4200 in
3478 4139 3612 4202 vita
3645 4139 3953 4223 Agricolae
3985 4142 4124 4201 XL.

1436 4213 1607 4276 XVI.
1641 4233 1775 4294 pag.
1811 4234 1954 4292 733.
1992 4215 2210 4305 Perseo
2235 4263 2253 4291 ‚
2297 4216 2527 4281 ultimo
2579 4220 2782 4280 Mace-
2942 4230 2962 4273 ³
3010 4220 3382 4295 Exposmr]
3416 4218 3638 4282 Mallet
3672 4218 3913 4300 Lipsius
3946 4217 4201 4310 oppoficit.

1437 4290 1683 4353 donum
1744 4312 1889 4373 rege
1921 4341 1940 4368 ,
2017 4294 2270 4358 devifio
2337 4316 2509 4360 anno
2567 4300 2636 4360 U.
2707 4299 2784 4361 C.
2941 4307 2973 4347 4
3012 4300 3339 4366 Tunc-rr
3405 4304 3708 4378 ronnnr]
3773 4298 4078 4361 Sicambri
4123 4298 4204 4359 ab

1436 4390 1751 4439 »mxxxvi
1783 4419 1802 4447 ‚
1844 4371 2259 4453 triumphavit
2303 4376 2590 4437 AEmilius
2623 4379 2781 4439 Pau·
2861 4377 3131 4457 Augusto
3184 4376 3251 4440 in
3303 4377 3578 4441 Galliam
3637 4377 3896 4456 trajeffl.
3940 4379 4202 4439 Sueton-

1436 4448 1568 4526 luS,
1612 4452 1717 4524 &,
1756 4452 1902 4515 teste
1941 4453 2155 4516 Plinio
2197 4456 2499 4527 XXXIII,
2546 4476 2598 4533 3.
2641 4456 2780 4518 sect.
2861 4455 2924 4516 in
2966 4461 3055 4519 Au
3100 4505 3115 4520 .
3149 4459 3320 4519 XXI.
3343 4455 3658 4517 Germanos
3680 4457 3829 4518 ultra
3867 4453 4051 4516 Albim
4070 4451 4200 4530 flu-

1443 4545 1555 4599 17‚
1597 4529 1812 4593 aerario
1869 4530 2058 4592 intulit
2103 4553 2134 4592 e
2175 4530 2547 4595 Macedonica
2589 4533 2782 4609 proedd
2858 4534 3007 4596 vium
3067 4536 3322 4598 ammovit
3348 4560 3371 4595 .-
3406 4556 3479 4596 εκ
3511 4536 3705 4616 quibus
3754 4535 3967 4595 Suevos·
4010 4528 4071 4589 cr
4101 4528 4199 4589 Si-

1436 4615 1535 4665 Hs.
1574 4606 1706 4668 Μῖᾱ.
1747 4624 1894 4695 pce.
1927 4630 1962 4669 a
2000 4630 2098 4692 quo
2141 4610 2636 4690 tempore-‘populus
2659 4613 2777 4672 Ro·
2857 4614 3102 4676 cambros
3132 4614 3391 4676 dedentes
3413 4615 3479 4694 se
3516 4612 3768 4674 traduxit
3803 4613 3861 4671 in
3903 4606 4191 4684 Galliam,

1434 4697 1635 4737 manus
1691 4681 1951 4748 tributum
1984 4686 2222 4765 pendere
2274 4689 2445 4775 dqfiir.
2487 4693 2588 4756 Bis
2640 4692 2781 4755 mil·
2856 4713 3015 4774 atque
3048 4696 3104 4755 in
3128 4695 3398 4771 proximis
3441 4691 3629 4750 Rheno
3680 4690 3836 4748 a·ris
3881 4686 4190 4747 collocavit.

1433 4755 1547 4849 lies
1608 4763 1940 4849 trecenties
2008 4785 2275 4834 centena
2327 4773 2531 4835 millia
2581 4771 2780 4835 sester-
2855 4773 2949 4836 De
2978 4774 3312 4839 Sicambrts
3340 4773 3466 4852 jam
3498 4725 3745 4834 dietim?
3760 4767 3937 4848 supra
3964 4766 4194 4853 Amul?

1431 4849 1594 4901 uum
1641 4837 1921 4907 efficiunt
1971 4864 2247 4913 monetae
2292 4853 2551 4919 Gallice
2589 4850 2776 4918 libras
2853 4853 2950 4931 11,
2976 4859 3079 4919 26.
