<?xml version="1.0" encoding="UTF-8"?>
<!DOCTYPE html PUBLIC "-//W3C//DTD XHTML 1.0 Transitional//EN"
    "http://www.w3.org/TR/xhtml1/DTD/xhtml1-transitional.dtd">
<html xmlns="http://www.w3.org/1999/xhtml" xml:lang="en" lang="en">
 <head>
  <title>
</title>
<meta http-equiv="Content-Type" content="text/html;charset=utf-8" />
  <meta name='ocr-system' content='tesseract 3.04.00' />
  <meta name='ocr-capabilities' content='ocr_page ocr_carea ocr_par ocr_line ocrx_word'/>
</head>
<body>
  <div class='ocr_page' id='page_1' title='image "./ccorneliitaciti04brotgoog_0226.png"; bbox 0 0 4975 6149; ppageno 0'>
   <div class='ocr_carea' id='block_1_1' title="bbox 1499 402 3790 527">
    <p class='ocr_par' dir='ltr' id='par_1_1' title="bbox 1499 402 3790 527">
     <span class='ocr_line' id='line_1_1' title="bbox 1499 402 3790 527; baseline -0.003 -29"><span class='ocrx_word' id='word_1_1' title='bbox 1499 402 1681 497; x_wconf 65' lang='lat'>216</span> <span class='ocrx_word' id='word_1_2' title='bbox 2033 410 2134 499; x_wconf 89' lang='lat' dir='ltr'>C.</span> <span class='ocrx_word' id='word_1_3' title='bbox 2264 404 3080 496; x_wconf 89' lang='lat' dir='ltr'>CORNELII</span> <span class='ocrx_word' id='word_1_4' title='bbox 3202 402 3790 527; x_wconf 74' lang='lat' dir='ltr'><strong>TACH&#39;I</strong></span> 
     </span>
    </p>
   </div>
   <div class='ocr_carea' id='block_1_2' title="bbox 1213 567 4404 689">
    <p class='ocr_par' dir='ltr' id='par_1_2' title="bbox 1213 567 4404 689">
     <span class='ocr_line' id='line_1_2' title="bbox 1213 567 4404 689; baseline -0.001 -27"><span class='ocrx_word' id='word_1_5' title='bbox 1213 605 1448 650; x_wconf 58' lang='grc' dir='ltr'>Ξ</span> <span class='ocrx_word' id='word_1_6' title='bbox 1491 574 2028 665; x_wconf 80' lang='lat' dir='ltr'>transmittere</span> <span class='ocrx_word' id='word_1_7' title='bbox 2065 572 2532 689; x_wconf 81' lang='lat' dir='ltr'>Euphraten</span> <span class='ocrx_word' id='word_1_8' title='bbox 2583 569 2937 687; x_wconf 90' lang='lat' dir='ltr'>parabat.</span> <span class='ocrx_word' id='word_1_9' title='bbox 3004 572 3221 655; x_wconf 91' lang='lat' dir='ltr'>Tum</span> <span class='ocrx_word' id='word_1_10' title='bbox 3274 567 3689 661; x_wconf 87' lang='lat' dir='ltr'>lustratum</span> <span class='ocrx_word' id='word_1_11' title='bbox 3738 572 3890 655; x_wconf 91' lang='lat' dir='ltr'>rite</span> <span class='ocrx_word' id='word_1_12' title='bbox 3952 572 4273 659; x_wconf 81' lang='lat' dir='ltr'>exerci-</span> <span class='ocrx_word' id='word_1_13' title='bbox 4399 654 4404 659; x_wconf 86' lang='grc'><em>,</em></span> 
     </span>
    </p>
   </div>
   <div class='ocr_carea' id='block_1_3' title="bbox 1220 681 1443 836">
    <p class='ocr_par' dir='ltr' id='par_1_3' title="bbox 1220 681 1443 836">
     <span class='ocr_line' id='line_1_3' title="bbox 1220 681 1443 735; baseline 0.018 -4"><span class='ocrx_word' id='word_1_14' title='bbox 1220 681 1443 735; x_wconf 76' lang='lat' dir='ltr'>A.U.C.</span> 
     </span>
     <span class='ocr_line' id='line_1_4' title="bbox 1257 776 1403 836; baseline 0 -1"><span class='ocrx_word' id='word_1_15' title='bbox 1257 776 1403 836; x_wconf 88' lang='lat'>816.</span> 
     </span>
    </p>
   </div>
   <div class='ocr_carea' id='block_1_4' title="bbox 1495 698 4272 814">
    <p class='ocr_par' dir='ltr' id='par_1_4' title="bbox 1495 698 4272 814">
     <span class='ocr_line' id='line_1_5' title="bbox 1495 698 4272 814; baseline -0.003 -25"><span class='ocrx_word' id='word_1_16' title='bbox 1495 732 1670 790; x_wconf 90' lang='lat' dir='ltr'>tum</span> <span class='ocrx_word' id='word_1_17' title='bbox 1704 715 1725 750; x_wconf 89' lang='lat'><em>¹</em></span> <span class='ocrx_word' id='word_1_18' title='bbox 1773 704 1873 787; x_wconf 90' lang='lat' dir='ltr'>ad</span> <span class='ocrx_word' id='word_1_19' title='bbox 1907 703 2396 787; x_wconf 89' lang='lat' dir='ltr'><strong>concionem</strong></span> <span class='ocrx_word' id='word_1_20' title='bbox 2455 726 2754 804; x_wconf 87' lang='lat' dir='ltr'>vocat,</span> <span class='ocrx_word' id='word_1_21' title='bbox 2807 698 3273 810; x_wconf 83' lang='lat' dir='ltr'>orditurque</span> <span class='ocrx_word' id='word_1_22' title='bbox 3318 699 3749 811; x_wconf 87' lang='lat' dir='ltr'>magnifica</span> <span class='ocrx_word' id='word_1_23' title='bbox 3805 733 3849 774; x_wconf 88' lang='lat'>«</span> <span class='ocrx_word' id='word_1_24' title='bbox 3880 699 3982 783; x_wconf 94' lang='lat' dir='ltr'>de</span> <span class='ocrx_word' id='word_1_25' title='bbox 4008 702 4272 814; x_wconf 89' lang='lat' dir='ltr'>auspi·-</span> 
     </span>
    </p>
   </div>
   <div class='ocr_carea' id='block_1_5' title="bbox 1264 823 4270 945">
    <p class='ocr_par' dir='ltr' id='par_1_5' title="bbox 1264 823 4270 945">
     <span class='ocr_line' id='line_1_6' title="bbox 1264 823 4270 945; baseline -0.001 -35"><span class='ocrx_word' id='word_1_26' title='bbox 1264 889 1309 938; x_wconf 44' lang='lat' dir='ltr'>J·</span> <span class='ocrx_word' id='word_1_27' title='bbox 1348 891 1409 940; x_wconf 48' lang='lat' dir='ltr'>C·</span> <span class='ocrx_word' id='word_1_28' title='bbox 1493 867 1540 910; x_wconf 82' lang='lat'>&gt;›</span> <span class='ocrx_word' id='word_1_29' title='bbox 1563 834 1706 917; x_wconf 92' lang='lat' dir='ltr'>ciis</span> <span class='ocrx_word' id='word_1_30' title='bbox 1734 829 2247 945; x_wconf 89' lang='lat' dir='ltr'>Imperatoris</span> <span class='ocrx_word' id='word_1_31' title='bbox 2269 885 2300 931; x_wconf 87' lang='lat'>,</span> <span class='ocrx_word' id='word_1_32' title='bbox 2327 823 2719 935; x_wconf 91' lang='lat' dir='ltr'>rebusque</span> <span class='ocrx_word' id='word_1_33' title='bbox 2757 857 2800 909; x_wconf 89' lang='lat' dir='ltr'>a</span> <span class='ocrx_word' id='word_1_34' title='bbox 2828 826 2907 909; x_wconf 90' lang='lat' dir='ltr'>se</span> <span class='ocrx_word' id='word_1_35' title='bbox 2939 829 3171 937; x_wconf 89' lang='lat' dir='ltr'>gestis</span> <span class='ocrx_word' id='word_1_36' title='bbox 3202 861 3248 902; x_wconf 87' lang='lat'>»</span> <span class='ocrx_word' id='word_1_37' title='bbox 3266 885 3293 929; x_wconf 88' lang='lat'>,</span> <span class='ocrx_word' id='word_1_38' title='bbox 3325 825 3717 910; x_wconf 87' lang='lat' dir='ltr'>adversa«</span> <span class='ocrx_word' id='word_1_39' title='bbox 3748 828 3835 906; x_wconf 93' lang='lat' dir='ltr'>in</span> <span class='ocrx_word' id='word_1_40' title='bbox 3863 826 4270 910; x_wconf 89' lang='lat' dir='ltr'>inscitiam</span> 
     </span>
    </p>
   </div>
   <div class='ocr_carea' id='block_1_6' title="bbox 1278 980 1385 1071">
    <p class='ocr_par' dir='ltr' id='par_1_6' title="bbox 1278 980 1385 1071">
     <span class='ocr_line' id='line_1_7' title="bbox 1278 980 1385 1071; baseline 0 0"><span class='ocrx_word' id='word_1_41' title='bbox 1278 980 1385 1071; x_wconf 58' lang='lat'>§³-</span> 
     </span>
    </p>
   </div>
   <div class='ocr_carea' id='block_1_7' title="bbox 1488 949 4269 2837">
    <p class='ocr_par' dir='ltr' id='par_1_7' title="bbox 1490 949 4269 1171">
     <span class='ocr_line' id='line_1_8' title="bbox 1490 949 4269 1068; baseline 0 -31"><span class='ocrx_word' id='word_1_42' title='bbox 1490 961 1746 1043; x_wconf 80' lang='lat' dir='ltr'>»Paeti</span> <span class='ocrx_word' id='word_1_43' title='bbox 1782 992 1828 1034; x_wconf 85' lang='lat'>›&gt;</span> <span class='ocrx_word' id='word_1_44' title='bbox 1900 953 2314 1040; x_wconf 88' lang='lat' dir='ltr'>declinans</span> <span class='ocrx_word' id='word_1_45' title='bbox 2353 986 2371 1036; x_wconf 74' lang='grc' dir='ltr'>ε</span> <span class='ocrx_word' id='word_1_46' title='bbox 2417 949 2675 1037; x_wconf 65' lang='lat' dir='ltr'>multa</span> <span class='ocrx_word' id='word_1_47' title='bbox 2728 954 3193 1038; x_wconf 58' lang='lat' dir='ltr'>aussoritate</span> <span class='ocrx_word' id='word_1_48' title='bbox 3220 1011 3252 1056; x_wconf 88' lang='lat'>,</span> <span class='ocrx_word' id='word_1_49' title='bbox 3308 981 3477 1062; x_wconf 88' lang='lat' dir='ltr'>quae</span> <span class='ocrx_word' id='word_1_50' title='bbox 3518 954 3696 1036; x_wconf 87' lang='lat' dir='ltr'>viro</span> <span class='ocrx_word' id='word_1_51' title='bbox 3745 949 4075 1041; x_wconf 83' lang='lat' dir='ltr'>militari</span> <span class='ocrx_word' id='word_1_52' title='bbox 4113 983 4269 1068; x_wconf 87' lang='lat' dir='ltr'>pro</span> 
     </span>
     <span class='ocr_line' id='line_1_9' title="bbox 1490 1078 2091 1171; baseline -0.003 -3"><span class='ocrx_word' id='word_1_53' title='bbox 1490 1078 1872 1171; x_wconf 66' lang='lat' dir='ltr'>facundia</span> <span class='ocrx_word' id='word_1_54' title='bbox 1897 1107 2091 1166; x_wconf 91' lang='lat' dir='ltr'>erat.</span> 
     </span>
    </p>

    <p class='ocr_par' dir='ltr' id='par_1_8' title="bbox 1488 1204 4264 2837">
     <span class='ocr_line' id='line_1_10' title="bbox 1616 1204 4259 1321; baseline -0.002 -26"><span class='ocrx_word' id='word_1_55' title='bbox 1616 1210 2027 1295; x_wconf 89' lang='lat' dir='ltr'>XXVII.</span> <span class='ocrx_word' id='word_1_56' title='bbox 2093 1209 2333 1291; x_wconf 84' lang='lat' dir='ltr'>Mox</span> <span class='ocrx_word' id='word_1_57' title='bbox 2396 1231 2638 1311; x_wconf 60' lang='lat' dir='ltr'>lmen¹</span> <span class='ocrx_word' id='word_1_58' title='bbox 2693 1207 2792 1291; x_wconf 91' lang='lat' dir='ltr'>L.</span> <span class='ocrx_word' id='word_1_59' title='bbox 2823 1204 3181 1292; x_wconf 90' lang='lat' dir='ltr'>Lucullo</span> <span class='ocrx_word' id='word_1_60' title='bbox 3224 1213 3253 1250; x_wconf 86' lang='lat'>²</span> <span class='ocrx_word' id='word_1_61' title='bbox 3286 1207 3693 1317; x_wconf 87' lang='lat' dir='ltr'>quondam</span> <span class='ocrx_word' id='word_1_62' title='bbox 3724 1232 4259 1321; x_wconf 88' lang='lat' dir='ltr'>penetratum,</span> 
     </span>
     <span class='ocr_line' id='line_1_11' title="bbox 1488 1331 4262 1453; baseline -0.002 -30"><span class='ocrx_word' id='word_1_63' title='bbox 1488 1341 1825 1453; x_wconf 87' lang='lat' dir='ltr'>apertis,</span> <span class='ocrx_word' id='word_1_64' title='bbox 1860 1366 2027 1446; x_wconf 85' lang='lat' dir='ltr'>quae</span> <span class='ocrx_word' id='word_1_65' title='bbox 2061 1335 2401 1418; x_wconf 89' lang='lat' dir='ltr'>vetustas</span> <span class='ocrx_word' id='word_1_66' title='bbox 2432 1332 2887 1447; x_wconf 90' lang='lat' dir='ltr'>obsepserat</span> <span class='ocrx_word' id='word_1_67' title='bbox 2909 1393 2940 1439; x_wconf 87' lang='lat'>,</span> <span class='ocrx_word' id='word_1_68' title='bbox 2966 1337 3252 1448; x_wconf 89' lang='lat' dir='ltr'>pergit.</span> <span class='ocrx_word' id='word_1_69' title='bbox 3285 1331 3391 1415; x_wconf 91' lang='lat' dir='ltr'>Et</span> <span class='ocrx_word' id='word_1_70' title='bbox 3416 1337 3835 1418; x_wconf 89' lang='lat' dir='ltr'>venientes</span> <span class='ocrx_word' id='word_1_71' title='bbox 3875 1334 4262 1420; x_wconf 84' lang='lat' dir='ltr'>Tiridatis</span> 
     </span>
     <span class='ocr_line' id='line_1_12' title="bbox 1493 1455 4260 1576; baseline -0.002 -26"><span class='ocrx_word' id='word_1_72' title='bbox 1493 1462 2077 1576; x_wconf 75' lang='lat' dir='ltr'>Vologesisque</span> <span class='ocrx_word' id='word_1_73' title='bbox 2113 1459 2214 1544; x_wconf 90' lang='lat' dir='ltr'>de</span> <span class='ocrx_word' id='word_1_74' title='bbox 2254 1489 2454 1575; x_wconf 91' lang='lat' dir='ltr'>pace</span> <span class='ocrx_word' id='word_1_75' title='bbox 2507 1457 2819 1570; x_wconf 90' lang='lat' dir='ltr'>legatos</span> <span class='ocrx_word' id='word_1_76' title='bbox 2861 1462 3078 1545; x_wconf 90' lang='lat' dir='ltr'>haud</span> <span class='ocrx_word' id='word_1_77' title='bbox 3127 1462 3586 1576; x_wconf 90' lang='lat' dir='ltr'>aspernatus</span> <span class='ocrx_word' id='word_1_78' title='bbox 3631 1522 3666 1565; x_wconf 65' lang='lat'>„</span> <span class='ocrx_word' id='word_1_79' title='bbox 3747 1455 4114 1573; x_wconf 82' lang='lat' dir='ltr'>adjungit</span> <span class='ocrx_word' id='word_1_80' title='bbox 4163 1463 4260 1544; x_wconf 89' lang='lat' dir='ltr'>iis</span> 
     </span>
     <span class='ocr_line' id='line_1_13' title="bbox 1495 1585 4261 1692; baseline -0.002 -15"><span class='ocrx_word' id='word_1_81' title='bbox 1495 1592 2014 1677; x_wconf 85' lang='lat' dir='ltr'>centuriones</span> <span class='ocrx_word' id='word_1_82' title='bbox 2036 1647 2066 1692; x_wconf 87' lang='lat'>,</span> <span class='ocrx_word' id='word_1_83' title='bbox 2096 1617 2284 1671; x_wconf 89' lang='lat' dir='ltr'>cum</span> <span class='ocrx_word' id='word_1_84' title='bbox 2314 1586 2706 1671; x_wconf 90' lang='lat' dir='ltr'>mandatis</span> <span class='ocrx_word' id='word_1_85' title='bbox 2745 1618 2913 1672; x_wconf 91' lang='lat' dir='ltr'>non</span> <span class='ocrx_word' id='word_1_86' title='bbox 2951 1585 3436 1673; x_wconf 88' lang='lat' dir='ltr'>immitibus:</span> <span class='ocrx_word' id='word_1_87' title='bbox 3492 1622 3536 1663; x_wconf 91' lang='lat'>«</span> <span class='ocrx_word' id='word_1_88' title='bbox 3569 1618 3722 1671; x_wconf 93' lang='lat' dir='ltr'>nec</span> <span class='ocrx_word' id='word_1_89' title='bbox 3747 1590 3963 1671; x_wconf 90' lang='lat' dir='ltr'>enirn</span> <span class='ocrx_word' id='word_1_90' title='bbox 3994 1589 4261 1672; x_wconf 89' lang='lat' dir='ltr'>adhuc</span> 
     </span>
     <span class='ocr_line' id='line_1_14' title="bbox 1489 1711 4258 1831; baseline -0.001 -31"><span class='ocrx_word' id='word_1_91' title='bbox 1489 1722 1658 1820; x_wconf 57' lang='lat' dir='ltr'>‚meo</span> <span class='ocrx_word' id='word_1_92' title='bbox 1703 1742 2039 1800; x_wconf 90' lang='lat' dir='ltr'>ventum</span> <span class='ocrx_word' id='word_1_93' title='bbox 2062 1773 2089 1817; x_wconf 92' lang='lat'>,</span> <span class='ocrx_word' id='word_1_94' title='bbox 2128 1740 2219 1797; x_wconf 93' lang='lat' dir='ltr'>ut</span> <span class='ocrx_word' id='word_1_95' title='bbox 2260 1715 2699 1798; x_wconf 83' lang='lat' dir='ltr'>certamine</span> <span class='ocrx_word' id='word_1_96' title='bbox 2734 1741 3101 1800; x_wconf 87' lang='lat' dir='ltr'>extremo</span> <span class='ocrx_word' id='word_1_97' title='bbox 3139 1745 3341 1831; x_wconf 89' lang='lat' dir='ltr'>opus</span> <span class='ocrx_word' id='word_1_98' title='bbox 3392 1715 3608 1798; x_wconf 83' lang='lat' dir='ltr'>effer.</span> <span class='ocrx_word' id='word_1_99' title='bbox 3645 1711 3917 1798; x_wconf 91' lang='lat' dir='ltr'>Multa</span> <span class='ocrx_word' id='word_1_100' title='bbox 3946 1716 4258 1798; x_wconf 85' lang='lat' dir='ltr'>Roma·-</span> 
     </span>
     <span class='ocr_line' id='line_1_15' title="bbox 1491 1840 4259 1952; baseline -0.001 -27"><span class='ocrx_word' id='word_1_101' title='bbox 1491 1875 1538 1925; x_wconf 81' lang='grc'>&gt;&gt;</span> <span class='ocrx_word' id='word_1_102' title='bbox 1560 1848 1682 1927; x_wconf 90' lang='lat' dir='ltr'>nis</span> <span class='ocrx_word' id='word_1_103' title='bbox 1708 1842 2099 1946; x_wconf 88' lang='lat' dir='ltr'>secunda,</span> <span class='ocrx_word' id='word_1_104' title='bbox 2132 1842 2490 1952; x_wconf 85' lang='lat' dir='ltr'>quaedam</span> <span class='ocrx_word' id='word_1_105' title='bbox 2512 1843 2822 1926; x_wconf 90' lang='lat' dir='ltr'>Parthis</span> <span class='ocrx_word' id='word_1_106' title='bbox 2854 1843 3198 1926; x_wconf 84' lang='lat' dir='ltr'>eveniffe</span> <span class='ocrx_word' id='word_1_107' title='bbox 3235 1903 3266 1946; x_wconf 90' lang='lat'>,</span> <span class='ocrx_word' id='word_1_108' title='bbox 3329 1841 3829 1926; x_wconf 90' lang='lat' dir='ltr'>documento</span> <span class='ocrx_word' id='word_1_109' title='bbox 3883 1840 4259 1929; x_wconf 74' lang='lat' dir='ltr'>adversus</span> 
     </span>
     <span class='ocr_line' id='line_1_16' title="bbox 1488 1967 4264 2085; baseline 0.001 -38"><span class='ocrx_word' id='word_1_110' title='bbox 1488 2003 1536 2047; x_wconf 69' lang='lat'>&gt;2</span> <span class='ocrx_word' id='word_1_111' title='bbox 1559 1967 2005 2085; x_wconf 87' lang='lat' dir='ltr'>superbiam</span> <span class='ocrx_word' id='word_1_112' title='bbox 2044 2003 2061 2050; x_wconf 75' lang='grc' dir='ltr'><strong><em>ε</em></strong></span> <span class='ocrx_word' id='word_1_113' title='bbox 2106 1969 2446 2082; x_wconf 84' lang='lat' dir='ltr'>proinde</span> <span class='ocrx_word' id='word_1_114' title='bbox 2501 1977 2583 2053; x_wconf 77' lang='grc' dir='ltr'>ὃ(</span> <span class='ocrx_word' id='word_1_115' title='bbox 2629 1968 2974 2056; x_wconf 89' lang='lat' dir='ltr'>Tiridati</span> <span class='ocrx_word' id='word_1_116' title='bbox 3013 1970 3475 2055; x_wconf 88' lang='lat' dir='ltr'>conducere</span> <span class='ocrx_word' id='word_1_117' title='bbox 3505 2029 3534 2072; x_wconf 85' lang='lat'>,</span> <span class='ocrx_word' id='word_1_118' title='bbox 3593 1971 3979 2052; x_wconf 59' lang='lat' dir='ltr'>intactum</span> <span class='ocrx_word' id='word_1_119' title='bbox 4016 1971 4264 2052; x_wconf 89' lang='lat' dir='ltr'>vasta-</span> 
     </span>
     <span class='ocr_line' id='line_1_17' title="bbox 1489 2091 4262 2211; baseline 0 -34"><span class='ocrx_word' id='word_1_120' title='bbox 1489 2094 1913 2180; x_wconf 73' lang='lat' dir='ltr'>»tionibus</span> <span class='ocrx_word' id='word_1_121' title='bbox 1951 2125 2293 2207; x_wconf 90' lang='lat' dir='ltr'>regnum</span> <span class='ocrx_word' id='word_1_122' title='bbox 2326 2096 2549 2179; x_wconf 92' lang='lat' dir='ltr'>dono</span> <span class='ocrx_word' id='word_1_123' title='bbox 2594 2098 3019 2211; x_wconf 82' lang='lat' dir='ltr'>accipere3</span> <span class='ocrx_word' id='word_1_124' title='bbox 3060 2104 3142 2180; x_wconf 85' lang='lat'>&amp;</span> <span class='ocrx_word' id='word_1_125' title='bbox 3171 2093 3646 2206; x_wconf 89' lang='lat' dir='ltr'>Vologesen</span> <span class='ocrx_word' id='word_1_126' title='bbox 3687 2091 3971 2177; x_wconf 75' lang='lat' dir='ltr'>melius</span> <span class='ocrx_word' id='word_1_127' title='bbox 4002 2095 4262 2180; x_wconf 88' lang='lat' dir='ltr'>socie-</span> 
     </span>
     <span class='ocr_line' id='line_1_18' title="bbox 1488 2217 4260 2331; baseline 0 -32"><span class='ocrx_word' id='word_1_128' title='bbox 1488 2256 1537 2299; x_wconf 73' lang='lat'>&gt;2</span> <span class='ocrx_word' id='word_1_129' title='bbox 1556 2248 1720 2305; x_wconf 90' lang='lat' dir='ltr'>tate</span> <span class='ocrx_word' id='word_1_130' title='bbox 1749 2217 2125 2304; x_wconf 65' lang='lat' dir='ltr'>Romana</span> <span class='ocrx_word' id='word_1_131' title='bbox 2153 2280 2180 2321; x_wconf 86' lang='lat'>,</span> <span class='ocrx_word' id='word_1_132' title='bbox 2210 2219 2448 2331; x_wconf 76' lang='lat' dir='ltr'>quam</span> <span class='ocrx_word' id='word_1_133' title='bbox 2475 2220 2784 2303; x_wconf 90' lang='lat' dir='ltr'>damnis</span> <span class='ocrx_word' id='word_1_134' title='bbox 2822 2224 3120 2303; x_wconf 90' lang='lat' dir='ltr'>mutuis</span> <span class='ocrx_word' id='word_1_135' title='bbox 3164 2223 3389 2330; x_wconf 88' lang='lat' dir='ltr'>genti</span> <span class='ocrx_word' id='word_1_136' title='bbox 3418 2222 3899 2303; x_wconf 89' lang='lat' dir='ltr'>Parthorum</span> <span class='ocrx_word' id='word_1_137' title='bbox 3930 2218 4260 2302; x_wconf 91' lang='lat' dir='ltr'>consul-</span> 
     </span>
     <span class='ocr_line' id='line_1_19' title="bbox 1489 2342 4257 2456; baseline 0.001 -31"><span class='ocrx_word' id='word_1_138' title='bbox 1489 2383 1537 2425; x_wconf 74' lang='lat'>2&gt;</span> <span class='ocrx_word' id='word_1_139' title='bbox 1557 2374 1852 2431; x_wconf 89' lang='lat' dir='ltr'>turum.</span> <span class='ocrx_word' id='word_1_140' title='bbox 1882 2348 2108 2428; x_wconf 89' lang='lat' dir='ltr'>Scire</span> <span class='ocrx_word' id='word_1_141' title='bbox 2138 2373 2527 2455; x_wconf 89' lang='lat' dir='ltr'>quantum</span> <span class='ocrx_word' id='word_1_142' title='bbox 2554 2348 2768 2428; x_wconf 87' lang='lat' dir='ltr'>intus</span> <span class='ocrx_word' id='word_1_143' title='bbox 2818 2345 3438 2447; x_wconf 80' lang='lat' dir='ltr'>discordiarum,</span> <span class='ocrx_word' id='word_1_144' title='bbox 3494 2342 3890 2456; x_wconf 73' lang='lat' dir='ltr'>quamque</span> <span class='ocrx_word' id='word_1_145' title='bbox 3917 2344 4257 2429; x_wconf 87' lang='lat' dir='ltr'>indomi-</span> 
     </span>
     <span class='ocr_line' id='line_1_20' title="bbox 1489 2469 4256 2587; baseline 0 -34"><span class='ocrx_word' id='word_1_146' title='bbox 1489 2500 1674 2559; x_wconf 80' lang='lat' dir='ltr'>»tas</span> <span class='ocrx_word' id='word_1_147' title='bbox 1737 2481 1820 2557; x_wconf 76' lang='grc' dir='ltr'>ὅ(</span> <span class='ocrx_word' id='word_1_148' title='bbox 1867 2471 2333 2587; x_wconf 76' lang='lat' dir='ltr'>praeferoces</span> <span class='ocrx_word' id='word_1_149' title='bbox 2396 2474 2764 2556; x_wconf 90' lang='lat' dir='ltr'>nationes</span> <span class='ocrx_word' id='word_1_150' title='bbox 2840 2500 3180 2584; x_wconf 90' lang='lat' dir='ltr'>regeret.</span> <span class='ocrx_word' id='word_1_151' title='bbox 3242 2469 3551 2555; x_wconf 75' lang='lat' dir='ltr'>Contra</span> <span class='ocrx_word' id='word_1_152' title='bbox 3589 2472 4067 2586; x_wconf 89' lang='lat' dir='ltr'>Imperatori</span> <span class='ocrx_word' id='word_1_153' title='bbox 4112 2472 4256 2554; x_wconf 91' lang='lat' dir='ltr'>suo</span> 
     </span>
     <span class='ocr_line' id='line_1_21' title="bbox 1488 2595 4258 2711; baseline 0 -33"><span class='ocrx_word' id='word_1_154' title='bbox 1488 2603 1974 2692; x_wconf 79' lang='lat' dir='ltr'>»immotam</span> <span class='ocrx_word' id='word_1_155' title='bbox 2024 2595 2320 2708; x_wconf 89' lang='lat' dir='ltr'>ubique</span> <span class='ocrx_word' id='word_1_156' title='bbox 2352 2628 2634 2711; x_wconf 87' lang='lat' dir='ltr'>pacem</span> <span class='ocrx_word' id='word_1_157' title='bbox 2667 2660 2698 2703; x_wconf 87' lang='lat'>,</span> <span class='ocrx_word' id='word_1_158' title='bbox 2752 2605 2838 2681; x_wconf 72' lang='grc' dir='ltr'>ὃ(</span> <span class='ocrx_word' id='word_1_159' title='bbox 2880 2629 3130 2681; x_wconf 92' lang='lat' dir='ltr'>unum</span> <span class='ocrx_word' id='word_1_160' title='bbox 3183 2599 3265 2683; x_wconf 93' lang='lat' dir='ltr'>id</span> <span class='ocrx_word' id='word_1_161' title='bbox 3311 2595 3617 2682; x_wconf 87' lang='lat' dir='ltr'>bellum</span> <span class='ocrx_word' id='word_1_162' title='bbox 3688 2597 3840 2681; x_wconf 84' lang='lat' dir='ltr'>effe</span> <span class='ocrx_word' id='word_1_163' title='bbox 3873 2632 3960 2678; x_wconf 85' lang='lat'>&gt;›.</span> <span class='ocrx_word' id='word_1_164' title='bbox 3992 2595 4258 2680; x_wconf 87' lang='lat' dir='ltr'>Simul</span> 
     </span>
     <span class='ocr_line' id='line_1_22' title="bbox 1490 2720 4259 2837; baseline -0.002 -26"><span class='ocrx_word' id='word_1_165' title='bbox 1490 2723 1829 2822; x_wconf 80' lang='lat' dir='ltr'>consilio</span> <span class='ocrx_word' id='word_1_166' title='bbox 1857 2752 2246 2810; x_wconf 85' lang='lat' dir='ltr'>terrorem</span> <span class='ocrx_word' id='word_1_167' title='bbox 2272 2720 2662 2830; x_wconf 83' lang='lat' dir='ltr'>adjicere3</span> <span class='ocrx_word' id='word_1_168' title='bbox 2694 2733 2776 2809; x_wconf 83' lang='lat'>&amp;</span> <span class='ocrx_word' id='word_1_169' title='bbox 2796 2726 3283 2836; x_wconf 87' lang='lat' dir='ltr'>Megistanas</span> <span class='ocrx_word' id='word_1_170' title='bbox 3309 2726 3740 2810; x_wconf 89' lang='lat' dir='ltr'>Armenios</span> <span class='ocrx_word' id='word_1_171' title='bbox 3762 2732 3783 2781; x_wconf 80' lang='lat'>³</span> <span class='ocrx_word' id='word_1_172' title='bbox 3795 2783 3824 2826; x_wconf 87' lang='lat'>,</span> <span class='ocrx_word' id='word_1_173' title='bbox 3854 2724 3990 2833; x_wconf 93' lang='lat' dir='ltr'>qui</span> <span class='ocrx_word' id='word_1_174' title='bbox 4021 2725 4259 2837; x_wconf 88' lang='lat' dir='ltr'>primi</span> 
     </span>
    </p>
   </div>
   <div class='ocr_carea' id='block_1_8' title="bbox 1430 2848 4253 2967">
    <p class='ocr_par' dir='ltr' id='par_1_9' title="bbox 1430 2848 4253 2967">
     <span class='ocr_line' id='line_1_23' title="bbox 1430 2848 4253 2967; baseline -0.002 -28"><span class='ocrx_word' id='word_1_175' title='bbox 1430 2964 1435 2967; x_wconf 63' lang='lat'>,</span> <span class='ocrx_word' id='word_1_176' title='bbox 1489 2886 1535 2939; x_wconf 88' lang='lat' dir='ltr'>a</span> <span class='ocrx_word' id='word_1_177' title='bbox 1570 2851 1802 2936; x_wconf 90' lang='lat' dir='ltr'>nobis</span> <span class='ocrx_word' id='word_1_178' title='bbox 1845 2850 2303 2936; x_wconf 87' lang='lat' dir='ltr'>defecerant</span> <span class='ocrx_word' id='word_1_179' title='bbox 2339 2910 2365 2954; x_wconf 93' lang='lat'>,</span> <span class='ocrx_word' id='word_1_180' title='bbox 2417 2849 2653 2965; x_wconf 87' lang='lat' dir='ltr'>pellit</span> <span class='ocrx_word' id='word_1_181' title='bbox 2700 2849 3016 2934; x_wconf 88' lang='lat' dir='ltr'>sedibus</span> <span class='ocrx_word' id='word_1_182' title='bbox 3041 2910 3068 2954; x_wconf 93' lang='lat'>,</span> <span class='ocrx_word' id='word_1_183' title='bbox 3128 2848 3449 2935; x_wconf 91' lang='lat' dir='ltr'>castella</span> <span class='ocrx_word' id='word_1_184' title='bbox 3496 2879 3779 2934; x_wconf 90' lang='lat' dir='ltr'>eorum</span> <span class='ocrx_word' id='word_1_185' title='bbox 3823 2849 4253 2963; x_wconf 83' lang='lat' dir='ltr'>exscindit:</span> 
     </span>
    </p>
   </div>
   <div class='ocr_carea' id='block_1_9' title="bbox 1489 2973 4041 3096">
    <p class='ocr_par' dir='ltr' id='par_1_10' title="bbox 1489 2973 4041 3096">
     <span class='ocr_line' id='line_1_24' title="bbox 1489 2973 4041 3096; baseline -0 -35"><span class='ocrx_word' id='word_1_186' title='bbox 1489 2976 1730 3096; x_wconf 89' lang='lat' dir='ltr'>plana</span> <span class='ocrx_word' id='word_1_187' title='bbox 1754 3038 1780 3083; x_wconf 93' lang='lat'>,</span> <span class='ocrx_word' id='word_1_188' title='bbox 1820 2978 2034 3073; x_wconf 90' lang='lat' dir='ltr'>edita</span> <span class='ocrx_word' id='word_1_189' title='bbox 2068 3038 2097 3082; x_wconf 86' lang='lat'>,</span> <span class='ocrx_word' id='word_1_190' title='bbox 2137 2974 2449 3073; x_wconf 90' lang='lat' dir='ltr'>validos</span> <span class='ocrx_word' id='word_1_191' title='bbox 2480 3037 2510 3081; x_wconf 89' lang='lat'>,</span> <span class='ocrx_word' id='word_1_192' title='bbox 2550 2973 3107 3087; x_wconf 90' lang='lat' dir='ltr'>invalidosque</span> <span class='ocrx_word' id='word_1_193' title='bbox 3136 3038 3165 3082; x_wconf 88' lang='lat'>,</span> <span class='ocrx_word' id='word_1_194' title='bbox 3199 2980 3369 3093; x_wconf 87' lang='lat' dir='ltr'>pari</span> <span class='ocrx_word' id='word_1_195' title='bbox 3400 3002 3619 3060; x_wconf 88' lang='lat' dir='ltr'>metu</span> <span class='ocrx_word' id='word_1_196' title='bbox 3656 2974 4041 3092; x_wconf 86' lang='lat' dir='ltr'>complet.</span> 
     </span>
    </p>
   </div>
   <div class='ocr_carea' id='block_1_10' title="bbox 4380 1107 4433 1190">
    <p class='ocr_par' dir='ltr' id='par_1_11' title="bbox 4380 1107 4433 1190">
     <span class='ocr_line' id='line_1_25' title="bbox 4380 1107 4433 1190; baseline 0 0"><span class='ocrx_word' id='word_1_197' title='bbox 4380 1107 4433 1190; x_wconf 84' lang='lat'><em>5</em></span> 
     </span>
    </p>
   </div>
   <div class='ocr_carea' id='block_1_11' title="bbox 4328 1753 4438 1812">
    <p class='ocr_par' dir='ltr' id='par_1_12' title="bbox 4328 1753 4438 1812">
     <span class='ocr_line' id='line_1_26' title="bbox 4328 1753 4438 1812; baseline 0.064 -7"><span class='ocrx_word' id='word_1_198' title='bbox 4328 1753 4438 1812; x_wconf 87' lang='lat'>10</span> 
     </span>
    </p>
   </div>
   <div class='ocr_carea' id='block_1_12' title="bbox 4330 2369 4435 2450">
    <p class='ocr_par' dir='ltr' id='par_1_13' title="bbox 4330 2369 4435 2450">
     <span class='ocr_line' id='line_1_27' title="bbox 4330 2369 4435 2450; baseline 0 0"><span class='ocrx_word' id='word_1_199' title='bbox 4330 2369 4435 2450; x_wconf 83' lang='lat'>15</span> 
     </span>
    </p>
   </div>
   <div class='ocr_carea' id='block_1_13' title="bbox 4308 3015 4434 3072">
    <p class='ocr_par' dir='ltr' id='par_1_14' title="bbox 4308 3015 4434 3072">
     <span class='ocr_line' id='line_1_28' title="bbox 4308 3015 4434 3072; baseline 0.024 -3"><span class='ocrx_word' id='word_1_200' title='bbox 4308 3015 4434 3072; x_wconf 88' lang='lat'>20</span> 
     </span>
    </p>
   </div>
   <div class='ocr_carea' id='block_1_14' title="bbox 1618 3102 4358 3210">
    <p class='ocr_par' dir='ltr' id='par_1_15' title="bbox 1618 3102 4358 3210">
     <span class='ocr_line' id='line_1_29' title="bbox 1618 3102 4358 3210; baseline -0.002 -20"><span class='ocrx_word' id='word_1_201' title='bbox 1618 3104 2082 3196; x_wconf 80' lang='lat' dir='ltr'>XXVIII.</span> <span class='ocrx_word' id='word_1_202' title='bbox 2145 3107 2235 3187; x_wconf 93' lang='lat' dir='ltr'>N</span> <span class='ocrx_word' id='word_1_203' title='bbox 2251 3131 2379 3188; x_wconf 77' lang='grc' dir='ltr'>ΘΝ</span> <span class='ocrx_word' id='word_1_204' title='bbox 2455 3103 2855 3210; x_wconf 83' lang='lat' dir='ltr'>infensum</span> <span class='ocrx_word' id='word_1_205' title='bbox 2913 3166 2940 3207; x_wconf 86' lang='lat'>,</span> <span class='ocrx_word' id='word_1_206' title='bbox 3018 3105 3320 3190; x_wconf 87' lang='lat' dir='ltr'>nedum</span> <span class='ocrx_word' id='word_1_207' title='bbox 3351 3102 3617 3189; x_wconf 91' lang='lat' dir='ltr'>hostili</span> <span class='ocrx_word' id='word_1_208' title='bbox 3665 3105 3899 3207; x_wconf 86' lang='lat' dir='ltr'>odio,</span> <span class='ocrx_word' id='word_1_209' title='bbox 3938 3102 4296 3198; x_wconf 64' lang='lat' dir='ltr'>Corbu-g</span> <span class='ocrx_word' id='word_1_210' title='bbox 4352 3141 4358 3147; x_wconf 92' lang='lat'><strong>·</strong></span> 
     </span>
    </p>
   </div>
   <div class='ocr_carea' id='block_1_15' title="bbox 1487 3227 4256 3611">
    <p class='ocr_par' dir='ltr' id='par_1_16' title="bbox 1487 3227 4256 3611">
     <span class='ocr_line' id='line_1_30' title="bbox 1489 3227 4256 3341; baseline -0.001 -24"><span class='ocrx_word' id='word_1_211' title='bbox 1489 3230 1705 3332; x_wconf 89' lang='lat' dir='ltr'>lonis</span> <span class='ocrx_word' id='word_1_212' title='bbox 1764 3261 2063 3316; x_wconf 92' lang='lat' dir='ltr'>nomen</span> <span class='ocrx_word' id='word_1_213' title='bbox 2110 3232 2354 3314; x_wconf 88' lang='lat' dir='ltr'>etiam</span> <span class='ocrx_word' id='word_1_214' title='bbox 2405 3228 2757 3316; x_wconf 89' lang='lat' dir='ltr'>barbaris</span> <span class='ocrx_word' id='word_1_215' title='bbox 2798 3230 3279 3335; x_wconf 83' lang='lat' dir='ltr'>habebatur,</span> <span class='ocrx_word' id='word_1_216' title='bbox 3322 3231 3585 3341; x_wconf 76' lang='lat' dir='ltr'>eoque</span> <span class='ocrx_word' id='word_1_217' title='bbox 3623 3227 4042 3315; x_wconf 84' lang='lat' dir='ltr'>confilium</span> <span class='ocrx_word' id='word_1_218' title='bbox 4083 3228 4256 3338; x_wconf 86' lang='lat' dir='ltr'>ejus</span> 
     </span>
     <span class='ocr_line' id='line_1_31' title="bbox 1487 3355 4256 3470; baseline -0.002 -28"><span class='ocrx_word' id='word_1_219' title='bbox 1487 3361 1741 3454; x_wconf 88' lang='lat' dir='ltr'>fidum</span> <span class='ocrx_word' id='word_1_220' title='bbox 1782 3355 2242 3444; x_wconf 88' lang='lat' dir='ltr'>credebant.</span> <span class='ocrx_word' id='word_1_221' title='bbox 2288 3356 2508 3469; x_wconf 89' lang='lat' dir='ltr'>Ergo</span> <span class='ocrx_word' id='word_1_222' title='bbox 2537 3355 2989 3470; x_wconf 88' lang='lat' dir='ltr'>Vologeses</span> <span class='ocrx_word' id='word_1_223' title='bbox 3028 3389 3285 3469; x_wconf 91' lang='lat' dir='ltr'>neque</span> <span class='ocrx_word' id='word_1_224' title='bbox 3315 3386 3547 3458; x_wconf 73' lang='lat' dir='ltr'>atrox</span> <span class='ocrx_word' id='word_1_225' title='bbox 3575 3360 3658 3438; x_wconf 90' lang='lat' dir='ltr'>in</span> <span class='ocrx_word' id='word_1_226' title='bbox 3690 3356 4076 3451; x_wconf 90' lang='lat' dir='ltr'>summam</span> <span class='ocrx_word' id='word_1_227' title='bbox 4099 3417 4128 3460; x_wconf 87' lang='lat'>,</span> <span class='ocrx_word' id='word_1_228' title='bbox 4168 3365 4256 3454; x_wconf 74' lang='grc' dir='ltr'>ὅ(</span> 
     </span>
     <span class='ocr_line' id='line_1_32' title="bbox 1489 3480 4255 3611; baseline 0 -44"><span class='ocrx_word' id='word_1_229' title='bbox 1489 3484 1961 3601; x_wconf 89' lang='lat' dir='ltr'>quibusdam</span> <span class='ocrx_word' id='word_1_230' title='bbox 1980 3483 2453 3611; x_wconf 60' lang='lat' dir='ltr'>praefecturis</span> <span class='ocrx_word' id='word_1_231' title='bbox 2467 3485 2835 3570; x_wconf 90' lang='lat' dir='ltr'>inducias</span> <span class='ocrx_word' id='word_1_232' title='bbox 2852 3488 3056 3611; x_wconf 88' lang='lat' dir='ltr'>petit</span> <span class='ocrx_word' id='word_1_233' title='bbox 3084 3497 3149 3565; x_wconf 80' lang='lat'>4.</span> <span class='ocrx_word' id='word_1_234' title='bbox 3172 3485 3571 3581; x_wconf 85' lang='lat' dir='ltr'>Tiridates</span> <span class='ocrx_word' id='word_1_235' title='bbox 3589 3480 3864 3578; x_wconf 85' lang='lat' dir='ltr'>locum</span> <span class='ocrx_word' id='word_1_236' title='bbox 3881 3483 4255 3595; x_wconf 90' lang='lat' dir='ltr'>diemque</span> 
     </span>
    </p>
   </div>
   <div class='ocr_carea' id='block_1_16' title="bbox 1484 3738 4262 4620">
    <p class='ocr_par' dir='ltr' id='par_1_17' title="bbox 1486 3738 4253 3905">
     <span class='ocr_line' id='line_1_33' title="bbox 1490 3738 4253 3831; baseline 0.001 -28"><span class='ocrx_word' id='word_1_237' title='bbox 1490 3741 1730 3815; x_wconf 81' lang='lat' dir='ltr'>dociae,</span> <span class='ocrx_word' id='word_1_238' title='bbox 1784 3738 1886 3830; x_wconf 82' lang='lat' dir='ltr'>seu</span> <span class='ocrx_word' id='word_1_239' title='bbox 1916 3739 2183 3831; x_wconf 73' lang='lat' dir='ltr'>minoris</span> <span class='ocrx_word' id='word_1_240' title='bbox 2221 3744 2535 3808; x_wconf 69' lang='lat' dir='ltr'>Armeniae</span> <span class='ocrx_word' id='word_1_241' title='bbox 2566 3790 2585 3818; x_wconf 93' lang='lat'>,</span> <span class='ocrx_word' id='word_1_242' title='bbox 2640 3741 2836 3807; x_wconf 89' lang='lat' dir='ltr'>hodie</span> <span class='ocrx_word' id='word_1_243' title='bbox 2914 3745 3014 3809; x_wconf 58' lang='lat' dir='ltr'>de.</span> <span class='ocrx_word' id='word_1_244' title='bbox 3049 3764 3178 3826; x_wconf 91' lang='lat' dir='ltr'>quo</span> <span class='ocrx_word' id='word_1_245' title='bbox 3225 3745 3401 3826; x_wconf 89' lang='lat' dir='ltr'>plura</span> <span class='ocrx_word' id='word_1_246' title='bbox 3436 3743 3791 3809; x_wconf 85' lang='lat' dir='ltr'>Plutarchus</span> <span class='ocrx_word' id='word_1_247' title='bbox 3831 3741 3898 3805; x_wconf 92' lang='lat' dir='ltr'>in</span> <span class='ocrx_word' id='word_1_248' title='bbox 3925 3741 4195 3807; x_wconf 86' lang='lat' dir='ltr'>Lucullo</span> <span class='ocrx_word' id='word_1_249' title='bbox 4230 3788 4253 3820; x_wconf 90' lang='lat'>,</span> 
     </span>
     <span class='ocr_line' id='line_1_34' title="bbox 1486 3818 4177 3905; baseline 0.001 -26"><span class='ocrx_word' id='word_1_250' title='bbox 1486 3818 1751 3880; x_wconf 68' lang='lat' dir='ltr'>Malacie.</span> <span class='ocrx_word' id='word_1_251' title='bbox 1780 3820 2015 3881; x_wconf 73' lang='lat' dir='ltr'>Plrnrus</span> <span class='ocrx_word' id='word_1_252' title='bbox 2043 3825 2128 3885; x_wconf 87' lang='lat' dir='ltr'>vl</span> <span class='ocrx_word' id='word_1_253' title='bbox 2160 3869 2181 3898; x_wconf 92' lang='lat'>,</span> <span class='ocrx_word' id='word_1_254' title='bbox 2228 3843 2284 3900; x_wconf 90' lang='lat'>3.</span> <span class='ocrx_word' id='word_1_255' title='bbox 2324 3837 2636 3886; x_wconf 86' lang='lat' dir='ltr'>memorat</span> <span class='ocrx_word' id='word_1_256' title='bbox 2656 3822 2838 3884; x_wconf 91' lang='lat' dir='ltr'>Meli·</span> <span class='ocrx_word' id='word_1_257' title='bbox 2913 3843 3050 3905; x_wconf 88' lang='lat' dir='ltr'>pag.</span> <span class='ocrx_word' id='word_1_258' title='bbox 3131 3829 3233 3888; x_wconf 84' lang='lat'>08.</span> <span class='ocrx_word' id='word_1_259' title='bbox 3268 3825 3394 3889; x_wconf 90' lang='lat' dir='ltr'>Dio</span> <span class='ocrx_word' id='word_1_260' title='bbox 3420 3827 3679 3899; x_wconf 89' lang='lat' dir='ltr'>XXXV,</span> <span class='ocrx_word' id='word_1_261' title='bbox 3700 3844 3835 3903; x_wconf 87' lang='lat' dir='ltr'>pag.</span> <span class='ocrx_word' id='word_1_262' title='bbox 3878 3843 3898 3882; x_wconf 90' lang='lat'>1</span> <span class='ocrx_word' id='word_1_263' title='bbox 3925 3821 4177 3902; x_wconf 83' lang='lat' dir='ltr'>&amp;seqq.</span> 
     </span>
    </p>

    <p class='ocr_par' dir='ltr' id='par_1_18' title="bbox 1484 3895 4262 4620">
     <span class='ocr_line' id='line_1_35' title="bbox 1487 3895 4251 3979; baseline 0.001 -18"><span class='ocrx_word' id='word_1_264' title='bbox 1487 3915 1650 3970; x_wconf 87' lang='lat' dir='ltr'>tam,</span> <span class='ocrx_word' id='word_1_265' title='bbox 1693 3895 2114 3959; x_wconf 84' lang='lat' dir='ltr'>aSemiramide</span> <span class='ocrx_word' id='word_1_266' title='bbox 2158 3899 2437 3962; x_wconf 80' lang='lat' dir='ltr'>conditam</span> <span class='ocrx_word' id='word_1_267' title='bbox 2468 3950 2490 3979; x_wconf 87' lang='lat'>,</span> <span class='ocrx_word' id='word_1_268' title='bbox 2527 3898 2675 3959; x_wconf 77' lang='lat' dir='ltr'>haud</span> <span class='ocrx_word' id='word_1_269' title='bbox 2700 3921 2835 3975; x_wconf 86' lang='lat' dir='ltr'>pro·</span> <span class='ocrx_word' id='word_1_270' title='bbox 2993 3914 3012 3956; x_wconf 81' lang='lat'>3</span> <span class='ocrx_word' id='word_1_271' title='bbox 3132 3925 3462 3969; x_wconf 60' lang='lat' dir='ltr'>misr-Anas</span> <span class='ocrx_word' id='word_1_272' title='bbox 3512 3907 3841 3964; x_wconf 69' lang='lat' dir='ltr'>Annamos</span> <span class='ocrx_word' id='word_1_273' title='bbox 3879 3901 3908 3975; x_wconf 96' lang='lat'>]</span> <span class='ocrx_word' id='word_1_274' title='bbox 3962 3902 4251 3964; x_wconf 82' lang='lat' dir='ltr'>Proceres</span> 
     </span>
     <span class='ocr_line' id='line_1_36' title="bbox 1487 3973 4254 4055; baseline -0.001 -13"><span class='ocrx_word' id='word_1_275' title='bbox 1487 3975 1578 4042; x_wconf 75' lang='lat' dir='ltr'>cul</span> <span class='ocrx_word' id='word_1_276' title='bbox 1594 3973 1896 4052; x_wconf 77' lang='lat' dir='ltr'>Euphrate.</span> <span class='ocrx_word' id='word_1_277' title='bbox 1947 3976 2148 4042; x_wconf 90' lang='lat' dir='ltr'>Libro</span> <span class='ocrx_word' id='word_1_278' title='bbox 2206 3983 2301 4044; x_wconf 81' lang='lat' dir='ltr'>V.</span> <span class='ocrx_word' id='word_1_279' title='bbox 2341 4003 2444 4055; x_wconf 87' lang='lat'>24.</span> <span class='ocrx_word' id='word_1_280' title='bbox 2504 4000 2642 4042; x_wconf 85' lang='lat' dir='ltr'>earn</span> <span class='ocrx_word' id='word_1_281' title='bbox 2668 3978 2839 4040; x_wconf 80' lang='lat' dir='ltr'>Meli.-</span> <span class='ocrx_word' id='word_1_282' title='bbox 2913 3983 3270 4044; x_wconf 88' lang='lat' dir='ltr'>Armenios.</span> <span class='ocrx_word' id='word_1_283' title='bbox 3307 3987 3476 4045; x_wconf 91' lang='lat' dir='ltr'>Bene</span> <span class='ocrx_word' id='word_1_284' title='bbox 3507 3980 3765 4051; x_wconf 74' lang='lat' dir='ltr'>suidas,</span> <span class='ocrx_word' id='word_1_285' title='bbox 3826 3985 4110 4051; x_wconf 66' lang='grc' dir='ltr'>Μεγις-ἴινες</span> <span class='ocrx_word' id='word_1_286' title='bbox 4134 4026 4153 4054; x_wconf 91' lang='grc'><strong>,</strong></span> <span class='ocrx_word' id='word_1_287' title='bbox 4207 3982 4254 4042; x_wconf 78' lang='grc' dir='ltr'>οἱ</span> 
     </span>
     <span class='ocr_line' id='line_1_37' title="bbox 1484 4051 4254 4143; baseline 0.001 -30"><span class='ocrx_word' id='word_1_288' title='bbox 1484 4071 1650 4143; x_wconf 59' lang='lat' dir='ltr'>repen</span> <span class='ocrx_word' id='word_1_289' title='bbox 1722 4051 2090 4131; x_wconf 72' lang='lat' dir='ltr'>Cappadociae</span> <span class='ocrx_word' id='word_1_290' title='bbox 2158 4058 2602 4137; x_wconf 85' lang='lat' dir='ltr'>appellaverat.</span> <span class='ocrx_word' id='word_1_291' title='bbox 2659 4059 2838 4122; x_wconf 85' lang='lat' dir='ltr'>Plura</span> <span class='ocrx_word' id='word_1_292' title='bbox 2912 4067 2977 4121; x_wconf 71' lang='grc' dir='ltr'><strong>τέ</strong></span> <span class='ocrx_word' id='word_1_293' title='bbox 2995 4060 3240 4124; x_wconf 63' lang='grc' dir='ltr'>ςισιλέως</span> <span class='ocrx_word' id='word_1_294' title='bbox 3255 4056 4254 4139; x_wconf 67' lang='grc' dir='ltr'>περίέλεπτοιἔπεξέσιοι,Μεςξ]1αηεε,</span> 
     </span>
     <span class='ocr_line' id='line_1_38' title="bbox 1488 4133 4255 4228; baseline 0.001 -33"><span class='ocrx_word' id='word_1_295' title='bbox 1488 4133 1637 4208; x_wconf 63' lang='lat' dir='ltr'>vide</span> <span class='ocrx_word' id='word_1_296' title='bbox 1668 4133 1835 4216; x_wconf 76' lang='lat' dir='ltr'>apud</span> <span class='ocrx_word' id='word_1_297' title='bbox 1857 4135 2279 4217; x_wconf 87' lang='lat' dir='ltr'>Procopium,</span> <span class='ocrx_word' id='word_1_298' title='bbox 2319 4138 2397 4198; x_wconf 88' lang='lat' dir='ltr'>de</span> <span class='ocrx_word' id='word_1_299' title='bbox 2418 4136 2668 4199; x_wconf 84' lang='lat' dir='ltr'>AEdific.</span> <span class='ocrx_word' id='word_1_300' title='bbox 2697 4140 2783 4198; x_wconf 92' lang='lat'>111</span> <span class='ocrx_word' id='word_1_301' title='bbox 2813 4185 2834 4214; x_wconf 91' lang='lat'>,</span> <span class='ocrx_word' id='word_1_302' title='bbox 2913 4138 3062 4217; x_wconf 84' lang='lat' dir='ltr'>regis</span> <span class='ocrx_word' id='word_1_303' title='bbox 3103 4139 3370 4213; x_wconf 81' lang='lat' dir='ltr'>praecipui</span> <span class='ocrx_word' id='word_1_304' title='bbox 3421 4135 3672 4217; x_wconf 83' lang='lat' dir='ltr'>ministri.</span> <span class='ocrx_word' id='word_1_305' title='bbox 3720 4138 3876 4199; x_wconf 84' lang='lat' dir='ltr'>Inde</span> <span class='ocrx_word' id='word_1_306' title='bbox 3930 4137 4039 4202; x_wconf 91' lang='lat' dir='ltr'>ubi</span> <span class='ocrx_word' id='word_1_307' title='bbox 4092 4136 4255 4228; x_wconf 77' lang='lat' dir='ltr'>apud</span> 
     </span>
     <span class='ocr_line' id='line_1_39' title="bbox 1487 4204 4260 4383; baseline 0.001 -32"><span class='ocrx_word' id='word_1_308' title='bbox 1487 4236 1587 4380; x_wconf 26' lang='lat' dir='ltr'>4st</span> <span class='ocrx_word' id='word_1_309' title='bbox 1639 4292 2031 4382; x_wconf 68' lang='lat' dir='ltr'>Lusrnmtm</span> <span class='ocrx_word' id='word_1_310' title='bbox 2071 4315 2215 4359; x_wconf 65' lang='grc' dir='ltr'>ιιι-Β</span> <span class='ocrx_word' id='word_1_311' title='bbox 2240 4295 2677 4383; x_wconf 54' lang='lat' dir='ltr'>punctum]</span> <span class='ocrx_word' id='word_1_312' title='bbox 2725 4292 2838 4355; x_wconf 88' lang='lat' dir='ltr'>Mi·</span> <span class='ocrx_word' id='word_1_313' title='bbox 2907 4204 4260 4374; x_wconf 43' lang='lat' dir='ltr'>ispoqssfflm11{ju?.rggzpiff‚qzrezgtrsmregssgc</span> 
     </span>
     <span class='ocr_line' id='line_1_40' title="bbox 1487 4369 4262 4456; baseline 0 -26"><span class='ocrx_word' id='word_1_314' title='bbox 1487 4369 1707 4432; x_wconf 62' lang='lat' dir='ltr'>litibus</span> <span class='ocrx_word' id='word_1_315' title='bbox 1737 4390 1803 4431; x_wconf 88' lang='lat' dir='ltr'>1n</span> <span class='ocrx_word' id='word_1_316' title='bbox 1826 4392 1957 4434; x_wconf 89' lang='lat' dir='ltr'>cam</span> <span class='ocrx_word' id='word_1_317' title='bbox 2010 4394 2048 4434; x_wconf 93' lang='grc' dir='ltr'>ο</span> <span class='ocrx_word' id='word_1_318' title='bbox 2081 4373 2405 4446; x_wconf 70' lang='lat' dir='ltr'>stantibus,</span> <span class='ocrx_word' id='word_1_319' title='bbox 2446 4373 2625 4434; x_wconf 88' lang='lat' dir='ltr'>lauro</span> <span class='ocrx_word' id='word_1_320' title='bbox 2651 4393 2838 4435; x_wconf 89' lang='lat' dir='ltr'>coro·</span> <span class='ocrx_word' id='word_1_321' title='bbox 2915 4373 3289 4449; x_wconf 84' lang='lat' dir='ltr'>interpretes</span> <span class='ocrx_word' id='word_1_322' title='bbox 3320 4375 3464 4456; x_wconf 69' lang='grc' dir='ltr'><strong><em>πιρὶι</em></strong></span> <span class='ocrx_word' id='word_1_323' title='bbox 3489 4381 3554 4437; x_wconf 65' lang='grc' dir='ltr'>τᾶ</span> <span class='ocrx_word' id='word_1_324' title='bbox 3591 4374 3840 4439; x_wconf 61' lang='lat' dir='ltr'>Carsais:</span> <span class='ocrx_word' id='word_1_325' title='bbox 3873 4373 3959 4450; x_wconf 58' lang='lat' dir='ltr'>’w&#39;</span> <span class='ocrx_word' id='word_1_326' title='bbox 3993 4371 4135 4451; x_wconf 63' lang='lat' dir='ltr'>up).</span> <span class='ocrx_word' id='word_1_327' title='bbox 4159 4379 4262 4432; x_wconf 68' lang='grc' dir='ltr'>τῦι,</span> 
     </span>
     <span class='ocr_line' id='line_1_41' title="bbox 1485 4447 4252 4540; baseline 0 -32"><span class='ocrx_word' id='word_1_328' title='bbox 1485 4447 1647 4510; x_wconf 85' lang='lat' dir='ltr'>natis</span> <span class='ocrx_word' id='word_1_329' title='bbox 1670 4495 1689 4523; x_wconf 94' lang='lat'>,</span> <span class='ocrx_word' id='word_1_330' title='bbox 1733 4448 1924 4518; x_wconf 79' lang='lat' dir='ltr'>fiebat</span> <span class='ocrx_word' id='word_1_331' title='bbox 1998 4451 2211 4520; x_wconf 82' lang='lat' dir='ltr'>ustrale</span> <span class='ocrx_word' id='word_1_332' title='bbox 2262 4450 2529 4528; x_wconf 77' lang='lat' dir='ltr'>sacrum3</span> <span class='ocrx_word' id='word_1_333' title='bbox 2556 4448 2836 4540; x_wconf 80' lang='lat' dir='ltr'>caefisque</span> <span class='ocrx_word' id='word_1_334' title='bbox 2908 4452 3187 4530; x_wconf 59' lang='lat' dir='ltr'>parvas-lawr</span> <span class='ocrx_word' id='word_1_335' title='bbox 3227 4461 3377 4517; x_wconf 66' lang='grc' dir='ltr'>αὐτέ.</span> <span class='ocrx_word' id='word_1_336' title='bbox 3421 4453 3628 4514; x_wconf 84' lang='lat' dir='ltr'>Omnes</span> <span class='ocrx_word' id='word_1_337' title='bbox 3662 4452 3784 4514; x_wconf 87' lang='lat' dir='ltr'>illos</span> <span class='ocrx_word' id='word_1_338' title='bbox 3818 4473 3901 4512; x_wconf 88' lang='lat' dir='ltr'>me</span> <span class='ocrx_word' id='word_1_339' title='bbox 3941 4449 4146 4530; x_wconf 65' lang='lat' dir='ltr'>{stanes</span> <span class='ocrx_word' id='word_1_340' title='bbox 4188 4448 4252 4508; x_wconf 78' lang='grc' dir='ltr'>ὓ·</span> 
     </span>
     <span class='ocr_line' id='line_1_42' title="bbox 1484 4474 4251 4620; baseline 0.002 -35"><span class='ocrx_word' id='word_1_341' title='bbox 1484 4521 1674 4589; x_wconf 86' lang='lat' dir='ltr'>Marti</span> <span class='ocrx_word' id='word_1_342' title='bbox 1718 4528 1993 4591; x_wconf 55' lang='lat' dir='ltr'>victimis</span> <span class='ocrx_word' id='word_1_343' title='bbox 2018 4577 2037 4603; x_wconf 92' lang='lat'>,</span> <span class='ocrx_word' id='word_1_344' title='bbox 2091 4528 2481 4599; x_wconf 77' lang='lat' dir='ltr'>habebamur</span> <span class='ocrx_word' id='word_1_345' title='bbox 2526 4527 2833 4620; x_wconf 73' lang='lat' dir='ltr'>auspicia:</span> <span class='ocrx_word' id='word_1_346' title='bbox 2896 4533 3202 4611; x_wconf 78' lang='lat' dir='ltr'>satrapas.</span> <span class='ocrx_word' id='word_1_347' title='bbox 3228 4580 3278 4596; x_wconf 95' lang='lat'>..</span> <span class='ocrx_word' id='word_1_348' title='bbox 3309 4580 3324 4596; x_wconf 93' lang='lat'>.</span> <span class='ocrx_word' id='word_1_349' title='bbox 3356 4531 3551 4593; x_wconf 79' lang='lat' dir='ltr'>oblivio</span> <span class='ocrx_word' id='word_1_350' title='bbox 3573 4474 3976 4610; x_wconf 64' lang='lat' dir='ltr'>altaficppreffic</span> <span class='ocrx_word' id='word_1_351' title='bbox 3995 4531 4251 4602; x_wconf 88' lang='lat' dir='ltr'>‚Senec.</span> 
     </span>
    </p>
   </div>
   <div class='ocr_carea' id='block_1_17' title="bbox 1465 4605 4252 4690">
    <p class='ocr_par' dir='ltr' id='par_1_19' title="bbox 1465 4605 4252 4690">
     <span class='ocr_line' id='line_1_43' title="bbox 1465 4605 4252 4690; baseline 0.007 -28"><span class='ocrx_word' id='word_1_352' title='bbox 1465 4605 1557 4665; x_wconf 28' lang='lat'>⁴&amp;</span> <span class='ocrx_word' id='word_1_353' title='bbox 1621 4606 1968 4669; x_wconf 84' lang='lat' dir='ltr'>exercitum</span> <span class='ocrx_word' id='word_1_354' title='bbox 2024 4608 2150 4678; x_wconf 81' lang='lat' dir='ltr'>dux</span> <span class='ocrx_word' id='word_1_355' title='bbox 2204 4608 2661 4690; x_wconf 82' lang='lat' dir='ltr'>alloquebatur.</span> <span class='ocrx_word' id='word_1_356' title='bbox 2717 4611 2835 4669; x_wconf 90' lang='lat' dir='ltr'>L1-</span> <span class='ocrx_word' id='word_1_357' title='bbox 2912 4613 3021 4690; x_wconf 88' lang='lat' dir='ltr'>Ep.</span> <span class='ocrx_word' id='word_1_358' title='bbox 3067 4614 3266 4674; x_wconf 92' lang='lat' dir='ltr'>XXI.</span> <span class='ocrx_word' id='word_1_359' title='bbox 3322 4610 3628 4676; x_wconf 86' lang='lat' dir='ltr'>Rabbinis</span> <span class='ocrx_word' id='word_1_360' title='bbox 3659 4610 3857 4672; x_wconf 90' lang='lat' dir='ltr'>adhuc</span> <span class='ocrx_word' id='word_1_361' title='bbox 3896 4606 4187 4668; x_wconf 87' lang='lat' dir='ltr'>dicuntur</span> <span class='ocrx_word' id='word_1_362' title='bbox 4229 4649 4252 4681; x_wconf 68' lang='grc' dir='ltr'><strong>ι</strong></span> 
     </span>
    </p>
   </div>
   <div class='ocr_carea' id='block_1_18' title="bbox 1479 4680 4258 5014">
    <p class='ocr_par' dir='ltr' id='par_1_20' title="bbox 1486 4680 3241 4769">
     <span class='ocr_line' id='line_1_44' title="bbox 1486 4680 3241 4769; baseline 0.01 -27"><span class='ocrx_word' id='word_1_363' title='bbox 1486 4680 1626 4769; x_wconf 72' lang='lat' dir='ltr'>vius</span> <span class='ocrx_word' id='word_1_364' title='bbox 1672 4685 1743 4754; x_wconf 89' lang='grc' dir='ltr'>Ι,</span> <span class='ocrx_word' id='word_1_365' title='bbox 1794 4691 1872 4749; x_wconf 88' lang='lat'>28</span> <span class='ocrx_word' id='word_1_366' title='bbox 1920 4686 1989 4750; x_wconf 86' lang='lat'>&amp;</span> <span class='ocrx_word' id='word_1_367' title='bbox 2024 4686 2180 4751; x_wconf 85' lang='lat' dir='ltr'>alibi</span> <span class='ocrx_word' id='word_1_368' title='bbox 2202 4683 2540 4767; x_wconf 46' lang='lat' dir='ltr'>&#39;paffim&#39;de</span> <span class='ocrx_word' id='word_1_369' title='bbox 2585 4684 2680 4752; x_wconf 91' lang='lat' dir='ltr'>his</span> <span class='ocrx_word' id='word_1_370' title='bbox 2723 4686 2838 4750; x_wconf 84' lang='lat' dir='ltr'>lus-</span> <span class='ocrx_word' id='word_1_371' title='bbox 2913 4701 3241 4759; x_wconf 70' lang='lat' dir='ltr'>D&#39;DD&#39;JD·</span> 
     </span>
    </p>

    <p class='ocr_par' dir='ltr' id='par_1_21' title="bbox 1482 4761 4258 4923">
     <span class='ocr_line' id='line_1_45' title="bbox 1482 4761 4257 4845; baseline 0.006 -25"><span class='ocrx_word' id='word_1_372' title='bbox 1482 4761 1861 4828; x_wconf 77' lang='lat' dir='ltr'>tratronibus</span> <span class='ocrx_word' id='word_1_373' title='bbox 1890 4765 2037 4845; x_wconf 88' lang='lat' dir='ltr'>agit.</span> <span class='ocrx_word' id='word_1_374' title='bbox 2993 4779 3024 4818; x_wconf 83' lang='lat'>4</span> <span class='ocrx_word' id='word_1_375' title='bbox 3064 4774 3369 4832; x_wconf 68' lang='lat' dir='ltr'>Innucms</span> <span class='ocrx_word' id='word_1_376' title='bbox 3429 4789 3609 4831; x_wconf 73' lang='grc' dir='ltr'>Ρετιτ</span> <span class='ocrx_word' id='word_1_377' title='bbox 3646 4766 3675 4840; x_wconf 95' lang='grc'>]</span> <span class='ocrx_word' id='word_1_378' title='bbox 3729 4761 4072 4844; x_wconf 85' lang='lat' dir='ltr'>Vologeses</span> <span class='ocrx_word' id='word_1_379' title='bbox 4108 4811 4128 4836; x_wconf 74' lang='lat'><strong>‚</strong></span> <span class='ocrx_word' id='word_1_380' title='bbox 4185 4762 4257 4829; x_wconf 72' lang='lat' dir='ltr'>in</span> 
     </span>
     <span class='ocr_line' id='line_1_46' title="bbox 1565 4836 4258 4923; baseline 0.004 -29"><span class='ocrx_word' id='word_1_381' title='bbox 1565 4841 1589 4869; x_wconf 84' lang='lat'>²</span> <span class='ocrx_word' id='word_1_382' title='bbox 1639 4836 1714 4896; x_wconf 93' lang='lat' dir='ltr'>L.</span> <span class='ocrx_word' id='word_1_383' title='bbox 1735 4839 2069 4919; x_wconf 60' lang='lat' dir='ltr'>Lucumo]</span> <span class='ocrx_word' id='word_1_384' title='bbox 2094 4848 2283 4912; x_wconf 79' lang='lat' dir='ltr'>Anno</span> <span class='ocrx_word' id='word_1_385' title='bbox 2312 4846 2386 4909; x_wconf 90' lang='lat' dir='ltr'>U.</span> <span class='ocrx_word' id='word_1_386' title='bbox 2414 4848 2489 4908; x_wconf 92' lang='lat' dir='ltr'>C.</span> <span class='ocrx_word' id='word_1_387' title='bbox 2514 4868 2833 4910; x_wconf 70' lang='lat' dir='ltr'>Dchxxv</span> <span class='ocrx_word' id='word_1_388' title='bbox 2913 4845 3209 4911; x_wconf 86' lang='lat' dir='ltr'>summam</span> <span class='ocrx_word' id='word_1_389' title='bbox 3242 4847 3396 4909; x_wconf 89' lang='lat' dir='ltr'>belli</span> <span class='ocrx_word' id='word_1_390' title='bbox 3436 4843 3697 4907; x_wconf 75' lang='lat' dir='ltr'>minime</span> <span class='ocrx_word' id='word_1_391' title='bbox 3740 4857 3922 4903; x_wconf 79' lang='lat' dir='ltr'>atrox</span> <span class='ocrx_word' id='word_1_392' title='bbox 3943 4889 3961 4916; x_wconf 94' lang='lat'>,</span> <span class='ocrx_word' id='word_1_393' title='bbox 4008 4841 4258 4923; x_wconf 84' lang='lat' dir='ltr'>quibus·</span> 
     </span>
    </p>

    <p class='ocr_par' dir='ltr' id='par_1_22' title="bbox 1479 4909 4256 5014">
     <span class='ocr_line' id='line_1_47' title="bbox 1479 4909 4256 5014; baseline 0.004 -38"><span class='ocrx_word' id='word_1_394' title='bbox 1479 4909 1722 5014; x_wconf 53' lang='lat' dir='ltr'>bellum</span> <span class='ocrx_word' id='word_1_395' title='bbox 1748 4917 1918 4999; x_wconf 78' lang='lat' dir='ltr'>gessit</span> <span class='ocrx_word' id='word_1_396' title='bbox 1958 4919 2026 4982; x_wconf 89' lang='lat' dir='ltr'>in</span> <span class='ocrx_word' id='word_1_397' title='bbox 2064 4922 2366 4987; x_wconf 70' lang='lat' dir='ltr'>Armenia</span> <span class='ocrx_word' id='word_1_398' title='bbox 2395 4927 2469 4988; x_wconf 92' lang='lat' dir='ltr'>L.</span> <span class='ocrx_word' id='word_1_399' title='bbox 2497 4924 2833 5002; x_wconf 77' lang='lat' dir='ltr'>Lucullus,</span> <span class='ocrx_word' id='word_1_400' title='bbox 2913 4926 3058 4996; x_wconf 81' lang='lat' dir='ltr'>darn</span> <span class='ocrx_word' id='word_1_401' title='bbox 3099 4925 3573 5014; x_wconf 81' lang='lat' dir='ltr'>Megistanarum</span> <span class='ocrx_word' id='word_1_402' title='bbox 3624 4919 4071 4985; x_wconf 82' lang='lat' dir='ltr'>Armeniorum</span> <span class='ocrx_word' id='word_1_403' title='bbox 4101 4943 4256 5002; x_wconf 49' lang='lat' dir='ltr'>pratr-¹</span> 
     </span>
    </p>
   </div>
   <div class='ocr_carea' id='block_1_19' title="bbox 3832 5006 4253 5121">
    <p class='ocr_par' dir='ltr' id='par_1_23' title="bbox 3832 5006 4253 5121">
     <span class='ocr_line' id='line_1_48' title="bbox 3832 5006 4253 5121; baseline 0.002 -28"><span class='ocrx_word' id='word_1_404' title='bbox 3832 5006 4253 5121; x_wconf 90' lang='lat' dir='ltr'>colloquio</span> 
     </span>
    </p>
   </div>
  </div>
 </body>
</html>
