4975 6149
940 445 1111 530 AD
1157 441 1618 531 LIBRUM
1664 442 1817 528 XI.
1871 440 2174 533 ANN.
2219 448 2318 534 C.
2380 450 2743 540 CORN.
2791 450 3214 547 TACITI.
3312 498 3355 570 3
3384 501 3492 573 39

686 599 1065 712 gentefimi
1110 597 1565 676 celebritate.
1619 596 1912 675 Factum
1963 619 2048 676 ut
2105 601 2525 695 excusaret,
2574 604 2804 683 edixit
2850 609 3226 690 saeculares
3277 615 3499 697 ludos

680 712 1070 800 anticipatos
1112 703 1194 775 ab
1241 703 1525 799 Augusto
1556 756 1577 791 ,
1649 728 1755 776 nec
1805 705 2094 802 legitimo
2161 712 2428 800 tempori
2474 710 2821 802 reservatos
2869 711 3070 789 fuisse
3106 770 3127 805 ‚
3184 717 3497 801 Sueton.

681 808 764 883 in
813 803 1079 883 Claud.
1124 800 1326 878 XXI.
1371 802 1508 899 Ipse
1558 822 1802 878 tamen
1840 808 1911 876 in
1954 802 2233 902 historiis
2255 806 2399 901 suis
2441 806 2873 909 prodiderat
2903 866 2925 900 ,
2971 820 3343 918 intermzffos
3393 850 3494 898 eos

680 908 1054 1012 Augustum
1097 907 1302 979 multo
1344 902 1526 1002 post,
1580 904 2051 1004 diligenuffime
2091 931 2407 982 annorum
2464 914 2714 1004 ratione
2736 976 2739 981 .
2745 911 3114 1008 subducici,
3176 924 3246 992 in
3304 924 3495 999 ordi-

685 1037 832 1085 nem
877 1008 1171 1109 redegiffe
1203 1062 1223 1097 ‚
1292 1006 1597 1081 Sueton.
1654 1005 1830 1082 ibid.

791 1109 1128 1186 Testatur
1176 1104 1456 1182 Plinius
1504 1104 1652 1184 VII
1678 1164 1699 1197 ,
1750 1112 1882 1202 48.
1936 1111 2419 1207 Stephanionem
2449 1171 2467 1199 ,
2517 1116 2627 1212 qui
2664 1112 2919 1209 primus
2960 1139 3215 1218 togatas
3236 1122 3493 1220 fhltare

683 1210 1020 1310 instituit,
1073 1210 1354 1310 utrisque
1401 1209 1827 1306 saecularibus
1880 1210 2049 1284 ludis
2085 1212 2400 1313 fhltaffe,
2446 1215 2524 1287 Cr
2585 1215 2759 1287 Divi
2818 1217 3159 1317 Augusti,
3214 1225 3293 1298 Εσ·
3337 1252 3491 1326 quos

686 1312 1004 1389 Claudius
1041 1311 1254 1409 Caesar
1297 1312 1628 1409 consulatu
1648 1313 1771 1410 sico
1805 1333 2031 1411 quarto
2061 1313 2272 1411 ficit,
2312 1314 2567 1415 quando
2615 1342 2856 1389 ικιη
2914 1320 2992 1393 &⁹
3038 1345 3164 1393 non
3209 1329 3490 1423 amplius

688 1419 850 1490 anni
888 1412 1256 1509 interfuere.
1301 1410 1487 1487 Inde
1523 1464 1545 1503 ,
1603 1431 1686 1485 ut
1730 1409 1950 1489 tradit
1998 1411 2388 1490 Suetonius
2434 1412 2582 1492 loc.
2631 1413 2756 1510 cit.
2810 1418 2960 1512 Vox
2984 1429 3300 1516 praeconis
3341 1433 3490 1503 irri-

675 1518 761 1615 fiz
819 1512 905 1611 est
937 1570 962 1603 ‚
1020 1516 1367 1587 invitantis
1415 1539 1589 1587 more
1621 1515 1900 1611 solemni
1959 1514 2044 1587 ad
2096 1517 2327 1606 ludos,
2378 1543 2532 1620 quos
2574 1543 2683 1589 nec
2707 1521 3038 1619 spebiqffet
3078 1525 3409 1626 quisquam
3462 1582 3491 1619 ,

693 1643 803 1688 neo
834 1615 1239 1710 speffaturus
1289 1614 1483 1714 effer:
1533 1615 1673 1686 cum
1697 1614 2080 1712 ficpereffint
2130 1618 2335 1690 adhuc
2388 1621 2501 1719 qui
2534 1618 2993 1714 speffaverant
3023 1675 3048 1712 ,
3102 1624 3179 1697 ξφ
3224 1628 3489 1726 quidam

690 1714 1063 1814 histrionum
1103 1713 1404 1810 produnt·
1464 1716 1669 1804 olim,
1733 1738 1882 1787 tunc
1938 1741 2176 1815 quoque
2222 1718 2742 1813 producerentur.

791 1814 916 1889 De
957 1812 1145 1888 ludis
1194 1814 1648 1890 saecularibus
1706 1814 1988 1890 dicetur
2037 1815 2278 1892 adhuc
2324 1816 2512 1891 infra
2556 1816 2648 1892 ad
2717 1842 2989 1896 annum
3063 1846 3405 1902 ncccxm
3457 1879 3491 1922 ,

555 1943 563 1949 ·
694 1941 846 2020 quo
899 1914 1367 1991 Domitianus
1418 1915 1766 2017 septimos
1810 1916 2185 1993 saeculares
2236 1918 2454 1996 ludos
2499 1916 2755 1995 edidit.

802 2017 1249 2093 MmAcums
1301 2040 1812 2093 AnsmutA‘rA
1861 2024 1899 2111 ]
1960 2017 2120 2094 Mff.
2165 2018 2348 2123 Reg.
2395 2023 2578 2123 Agr.
2650 2026 2721 2097 δι
2791 2019 3286 2119 Puteolanus,
3336 2026 3491 2126 affiq

699 2121 977 2193 mutata.
1024 2114 1253 2195 Haud
1298 2117 1401 2229 ita
1440 2118 1628 2197 bene
1684 2119 1768 2195 in
1817 2117 2026 2211 aliis,
2081 2121 2434 2215 affimilata
2465 2178 2492 2212 ‚
2544 2120 2668 2198 vel
2725 2121 3119 2220 adsimilata.

804 2315 1018 2393 CAP.
1077 2316 1245 2394 XII.
1300 2320 1589 2397 Aaou
1642 2344 2206 2397 DETINEBATUR
2249 2326 2286 2412 ]
2364 2318 2585 2398 Recte
2638 2316 2759 2395 Cl.
2810 2318 3145 2398 Ernestus
3207 2335 3300 2400 ex
3341 2325 3486 2404 edi-

693 2417 904 2494 tione
961 2418 1323 2527 principe.
1387 2423 1776 2525 Perperam
1816 2422 1977 2500 ΜΠ.
2023 2420 2294 2524 aliique
2350 2420 2520 2498 libri
2578 2418 2760 2500 editi
2807 2420 3252 2518 distinebatur.

800 2616 1018 2695 CAP.
1070 2618 1278 2695 XIII.
1332 2619 1413 2696 P.
1469 2612 1959 2701 Pomeomum
2041 2644 2575 2701 consuuntur
2653 2630 2693 2718 ]
2771 2621 2896 2699 De
2970 2647 3123 2727 quo
3216 2620 3492 2702 Plinius

691 2718 843 2796 VII
872 2775 894 2810 ,
950 2745 1071 2819 19.
1104 2719 1315 2797 Idem
1357 2720 1460 2799 est
1509 2749 1597 2800 ac
1641 2725 2094 2840 Pomponius
2149 2722 2523 2799 Secundus
2556 2779 2578 2812 ‚
2634 2745 2854 2825 quem
2907 2749 3124 2825 votem
3169 2728 3491 2826 civemque

702 2820 1110 2916 elanffimum
1156 2823 1482 2924 appellat
1521 2826 1720 2901 idem
1749 2826 2027 2902 Plinius
2082 2822 2314 2914 XIII,
2375 2848 2497 2898 12.
2545 2821 2669 2898 De
2707 2847 2804 2898 eo
2845 2848 3144 2926 quoque
3184 2824 3493 2920 Quinti-

691 2920 925 2997 lianus
953 2976 976 3014 ‚
1027 2920 1255 3000 Instit.
1306 2924 1517 3003 Orat.
1560 2926 1628 3000 X
1660 2982 1684 3019 ,
1741 2953 1808 3002 1.
1856 2929 2103 3000 Eorum
2142 2936 2291 3024 quos
2345 2924 2620 2998 viderim
2650 2982 2670 3010 ,
2717 2926 2902 3022 longe
2936 2932 3228 3020 princeps
3287 2929 3493 3001 Pom-

686 3028 918 3124 ponius
961 3024 1279 3098 Secundus
1304 3080 1325 3115 ‚
1380 3052 1563 3126 quern
1582 3029 1771 3123 senes
1814 3053 2046 3123 parum
2087 3027 2408 3122 tragicum
2439 3023 2769 3119 putabant
2799 3083 2819 3112 ,
2863 3025 3217 3099 eruditione
3258 3053 3333 3099 ac
3380 3033 3490 3100 ni-

696 3147 834 3202 tore
859 3124 1166 3224 praestare
1207 3125 1695 3224 confitebantur.
1740 3127 1936 3205 Vide
1974 3136 2047 3204 &
2082 3123 2400 3200 Plinium
2443 3121 2641 3215 VII,
2684 3121 2823 3226 Ep.
2877 3149 2993 3220 17.
3034 3124 3490 3227 Pomponius

697 3225 956 3301 consul
991 3224 1134 3301 fuit
1160 3281 1182 3317 ‚
1228 3225 1357 3302 sed
1402 3251 1494 3303 ex
1532 3227 1993 3305 suffectorum
2032 3250 2363 3303 numerO.
2414 3223 2774 3301 Eumdem
2814 3223 2952 3301 esse
2999 3250 3084 3299 ac
3136 3228 3224 3301 L.
3272 3224 3490 3300 Pom-

692 3325 1002 3428 ponium
1023 3384 1046 3418 ,
1071 3326 1166 3403 de
1194 3353 1344 3430 quo
1369 3325 1555 3404 infra
1580 3329 1846 3424 Annal.
1869 3328 2012 3404 XII
2040 3385 2064 3422 ‚
2087 3353 2188 3429 27
2212 3334 2284 3422 δε
2308 3329 2406 3403 28
2438 3327 2638 3402 haud
2664 3324 3098 3402 crediderim
3117 3380 3139 3414 ,
3173 3323 3274 3401 ob
3304 3350 3488 3428 prae-

696 3423 1018 3503 nominis
1059 3426 1565 3507 diverfitatem.

797 3527 893 3601 IN
949 3552 1286 3604 monn-:M
1323 3539 1816 3628 PARENTUM]
1845 3531 2376 3609 Adolescentes
2415 3526 2917 3604 filiosfamilias
2958 3525 3141 3602 olim
3178 3523 3492 3604 circum-

697 3625 836 3702 seri
895 3626 1076 3705 serat
1101 3629 1456 3707 Laetorius
1484 3688 1506 3724 ,
1553 3632 1730 3712 teste
1755 3632 2017 3709 Tullio
2047 3687 2071 3726 ,
2121 3632 2215 3709 de
2260 3630 2478 3709 Offic.
2508 3627 2647 3720 ΙΙΙ,
2685 3627 3280 3730 15.&Prisciano
3321 3626 3486 3702 libr.

693 3725 843 3802 Vll
890 3727 1049 3805 ,foL
1079 3754 1207 3830 47.
1237 3731 1691 3837 vetitumque
1721 3741 2024 3810 minorem
2047 3739 2235 3808 annis
2260 3737 2504 3832 viginti
2526 3739 2678 3832 quin
2725 3758 2798 3804 ue
2806 3728 3140 3828 stipulari.
3167 3727 3489 3803 Graffan-

695 3848 847 3905 tem
903 3829 1160 3908 adhue·
1188 3832 1713 3911 foeneratorum
1775 3836 2163 3913 libidinem
2216 3833 2550 3910 coercuit
2616 3831 2683 3907 C
2715 3829 2967 3908 audius
3018 3826 3490 3906 senatuscon-

692 3929 887 4005 sulto
936 3931 1487 4011 Macedoniano
1523 3990 1547 4027 ‚
1606 3934 1884 4038 Digest.
1932 3935 2062 4011 lib.
2124 3933 2328 4011 XIV.
2384 3932 2542 4009 Tit.
2610 3937 2681 4009 6.
2738 3931 2840 4010 Le
2896 3990 2915 4008 .
2973 3956 3037 4007 1.
3099 3955 3189 4005 ex
3228 3927 3489 4029 Ulpia-

694 4052 857 4104 no:
914 4031 1191 4130 placuit
1228 4089 1250 4124 ,
1303 4062 1378 4111 ne
1426 4044 1584 4127 cui,
1631 4035 1758 4137 qui*
1788 4036 2245 4137 filiofamilias
2303 4041 2646 4132 pecuniam
2701 3957 2953 4132 dediffit
3007 4085 3029 4120 ,
3106 4037 3300 4108 etiam
3343 4027 3490 4127 post

695 4154 964 4203 mortem
1005 4140 1293 4230 parentis
1344 4142 1477 4236 ejus
1511 4198 1531 4227 ,
1577 4138 1776 4239 'cujus
1820 4144 1889 4212 in
1923 4136 2238 4237 potestate
2268 4136 2497 4239 fuiffi't
2525 4196 2544 4222 ,
2584 4134 2749 4208 auio
2797 4139 3150 4232 petitioque
3192 4132 3490 4205 daretur:

698 4249 776 4300 ut
800 4231 1087 4324 fiirent,
1144 4240 1253 4336 qui
1290 4238 1546 4334 peffimo
1592 4241 1881 4337 exemplo
1905 4240 2309 4339 foenerarent
2336 4297 2356 4326 ,
2412 4238 2658 4310 nullius
2695 4236 2862 4336 poffe
2885 4233 3325 4331 filiifamilias
3375 4230 3491 4301 bo·-

696 4353 856 4420 num
894 4356 1114 4406 nomen
1161 4339 1494 4432 expeblatd
1541 4348 1758 4436 patris
1790 4342 1904 4440 sui
1962 4364 2163 4416 morte
2204 4338 2393 4439 fieri.
2449 4334 2887 4412 Redivivam
2934 4330 3235 4407 licentia
3301 4349 3490 4402 tem-

696 4452 970 4529 porum
1000 4431 1592 4514 Neronianorum
1623 4441 2037 4516 foenerandi
2069 4438 2496 4541 cupidinem
2535 4437 2794 4512 iterum
2826 4425 3281 4530 compescuit
3315 4426 3488 4504 Ves-

697 4527 1025 4631 pasianus
1053 4592 1075 4625 ‚
1118 4557 1199 4613 ut
1224 4537 1546 4614 dicemus
1598 4538 1678 4614 in
1726 4540 2260 4640 Supplemento
2312 4535 2503 4612 Hist.
2526 4537 2619 4611 V.
2648 4531 2741 4606 ad
2783 4555 3052 4605 annum
3097 4551 3486 4605 Dcccxxv.

805 4629 919 4706 ΑΒ
976 4637 1420 4713 Smnssmms
1479 4661 1847 4713 coLLmus
1900 4647 1937 4732 ]
2003 4636 2300 4712 Claudii
2326 4630 2937 4736 magnificentiam
2980 4627 3059 4701 in
3101 4626 3365 4704 Curtio
3415 4632 3489 4703 δε

702 4728 1045 4809 Caeruleo
1096 4734 1425 4812 fontibus
1471 4737 1553 4811 in
1601 4736 1884 4812 Urbem
1934 4733 2421 4837 perducendis
2455 4786 2480 4821 ,
2556 4758 2599 4806 a
2649 4725 3090 4830 Vespafiano
3155 4733 3226 4804 &
3299 4726 3490 4804 Tito

701 4828 1039 4907 restitutis
1065 4894 1085 4921 ,
1126 4833 1473 4913 testantur
1515 4835 1754 4912 adhuc
1791 4835 2046 4910 Romae
2075 4890 2099 4924 ‚
2147 4832 2276 4905 ubi
2316 4855 2517 4904 nunc
2552 4835 2755 4905 Porta
2798 4835 3148 4930 Maggiore
3175 4889 3195 4918 ,
3236 4851 3493 4904 monu-

701 4948 951 5004 menta
1037 4931 1354 5033 plurima
1384 4992 1411 5030 ,
1474 4964 1637 5046 quae
1700 4933 2002 5015 exhibet
2076 4930 2198 5008 Cl.
2257 4928 2574 5008 Piranefi
2617 4989 2645 5028 ‚
2726 4933 3069 5007 Anticlu'ta
3129 4930 3418 5005 Romane
3466 4979 3491 5019 ,

2833 5041 2996 5127 Vv
3050 5036 3110 5146 ij
