4975 6149
874 418 1681 515 ANNALIUM
1751 420 2185 511 LIBER
2258 426 3254 521 DUODECIMUS.
3356 464 3478 541 77

660 586 1102 680 ⁴discordes
1160 583 1420 699 olim,
1477 595 1560 671 &c
1596 610 1771 670 tum
1835 614 2315 704 contemptu
2385 588 2843 702 regentium
2916 597 3180 684 minus
3245 612 3472 687 coer-
3517 631 3754 677 Ξ

673 724 874 807 citis
930 717 1167 803 odiis.
1236 715 1500 826 Igitur
1550 741 1859 828 raptare
1916 719 2123 800 inter
2167 716 2298 820 se,
2353 718 2790 805 immittere
2841 721 3248 819 latronum
3290 726 3472 840 glo-
3519 721 3750 774 ‘³³20-

673 846 836 934 bos
859 906 892 952 ‚
933 871 1435 959 componere
1471 841 1782 925 infidias
1808 901 1839 944 ,
1886 850 1970 926 ὅ(
2002 840 2433 953 aliquando
2462 843 2771 958 proeliis
2810 853 3241 961 congredi,
3279 854 3466 969 spo-

3563 812 3711 892 805.

3549 923 3696 974 J.C.

666 970 958 1084 .liaque
1001 980 1085 1056 ὃ(
1121 968 1421 1085 praedas
1458 968 1553 1051 ad
1587 994 2143 1083 procuratores
2194 969 2514 1053 referre.
2555 975 2829 1084 Hique
2869 978 3132 1089 primo
3179 976 3467 1087 laetari,
3583 1023 3686 1087 52·

508 1146 515 1151 -
570 1132 627 1222 5
687 1128 888 1184 mox
959 1095 1360 1210 gliscente
1421 1096 1830 1210 pernicie,
1883 1100 2081 1187 cum
2138 1124 2353 1179 arma
2421 1096 2778 1183 militum
2835 1099 3467 1211 interjeciffent‚

608 1224 613 1228 ⁵
690 1222 1229 1313 caesrmilites.
1284 1221 1765 1333 Arfiffetque
1792 1219 2017 1306 bello
2049 1224 2509 1337 provincia,
2565 1228 2648 1307 ni
2677 1226 3138 1339 Quadratus
3161 1289 3192 1335 ‚
3225 1234 3470 1342 Syriae

693 1357 955 1437 ertor
977 1410 1005 1454 ,
1061 1348 1543 1433 subveniss‘et
1577 1359 1633 1431 ¹.
1661 1351 1850 1432 Nec
1884 1348 2022 1432 diu
2059 1348 2431 1434 adversus
2460 1353 2821 1459 Judaeos‚
2875 1356 3013 1464 qui
3052 1359 3137 1438 in
3176 1387 3467 1442 necem

692 1477 1051 1563 militum
1089 1501 1621 1590 proruperant
1643 1534 1672 1578 ‚
1725 1471 2216 1579 dubitatum,
2249 1478 2441 1585 quin
2497 1481 2761 1592 capite
2795 1509 3074 1595 poenas
3104 1480 3464 1569 luerent:

703 1605 1109 1687 Cumanus
1172 1610 1254 1686 δε
1307 1598 1547 1686 Felix
1598 1604 2194 1686 cunetationem
2241 1602 2763 1708 adferebant,
2813 1610 2996 1715 quia
3032 1607 3420 1696 Claudius
3433 1668 3464 1715 ,

520 1766 644 1821 ‹210
699 1732 937 1817 causis
978 1724 1443 1813 rebellionis
1491 1728 1778 1812 auditis
1806 1785 1836 1831 ,
1881 1723 2003 1836 jus
2059 1729 2447 1813 statuendi
2477 1732 2722 1814 etiam
2774 1732 2873 1816 de
2925 1741 3465 1847 procuratori-

692 1856 833 1944 bus
863 1855 1220 1941 dederat.
1248 1853 1409 1938 Sed
1440 1855 1900 1965 Quadratus
1926 1853 2291 1940 Felicem
2328 1857 2538 1939 inter
2573 1853 2882 1963 judices
2915 1861 3338 1945 ostentavit
3369 1870 3399 1906 ²
3430 1920 3462 1967 ,

688 2009 1116 2099 receptum
1164 1984 1249 2064 in
1308 1977 1709 2085 tribunal,
1759 1985 1923 2093 quo
1976 1982 2229 2067 studia
2256 1982 2807 2067 accusantium
2848 1984 3462 2073 deterrerentur.

694 2108 1300 2219 Damnatusque
1348 2108 1884 2219 flagitiorum,
1917 2139 2084 2221 quae
2115 2108 2278 2191 duo
2309 2107 2855 2220 deliquerant,
2894 2111 3348 2212 Cumanus;
3377 2122 3465 2198 &

690 2241 911 2349 quies
969 2236 1403 2351 provinciae
1457 2234 1791 2320 reddita.

539 2386 570 2444 1
590 2385 636 2469 5
805 2365 1003 2451 LV.
1032 2365 1120 2447 N
1127 2387 1225 2444 EC
1242 2358 1502 2445 multo
1528 2365 1699 2476 post
1727 2363 2147 2477 agrestium
2175 2359 2535 2447 Cilicum
2561 2361 2928 2448 nationes
2945 2424 2973 2468 ,
3000 2362 3283 2477 quibus
3310 2366 3463 2447 Cli-

684 2517 943 2572 tarum
994 2512 1637 2601 cognomentum
1695 2499 1778 2592 ³,
1824 2490 2024 2604 saepe
2080 2496 2164 2572 ὃ(
2212 2486 2404 2573 alias
2457 2515 2942 2596 commotae,
2999 2516 3197 2575 tunc
3248 2492 3461 2576 Tro-

682 2615 971 2702 sobore
1021 2616 1280 2719 duce,
1338 2641 1658 2698 montes
1710 2617 2026 2730 asperos
2071 2617 2335 2699 castris
2391 2647 2707 2731 cepere.
2758 2616 3030 2728 Atque
3080 2616 3268 2703 inde
3310 2616 3459 2701 de-

688 2744 923 2827 cursu
971 2744 1057 2823 in
1106 2738 1388 2846 litora,
1425 2767 1563 2824 aut
1612 2741 1845 2825 urbes
1868 2802 1897 2847 ,
1940 2742 2110 2824 vim
2175 2737 2621 2827 cultoribus
2681 2750 2763 2826 &
2825 2742 3245 2856 oppidanis
3275 2800 3303 2844 ,
3358 2773 3459 2826 ac

687 2867 1155 2983 plerumque
1189 2870 1272 2949 in
1318 2893 1803 2953 mercatores
1835 2876 1916 2952 ὃ(
1956 2865 2494 2952 navicularios
2524 2878 2562 2927 4
2607 2868 3032 2953 audebant.
3086 2865 3457 2952 Obsessa-

530 3015 648 3079 '20
696 3025 847 3105 que
878 2996 1155 3080 civitas
1192 2994 1785 3079 Anemuriensis
1823 3003 1850 3058 ⁵
1867 3054 1897 3099 ,
1951 3002 2032 3079 ὅ(
2062 2993 2259 3079 miffi
2304 3024 2348 3078 e
2388 2991 2616 3106 Syria
2655 2998 2739 3080 in
2781 2994 3206 3079 subsidium
3234 2996 3457 3104 equi-

691 3149 812 3206 tes
824 3180 854 3224 ,
882 3151 1065 3206 cum
1101 3122 1464 3234 praefefilo
1504 3123 1791 3206 Curtio
1817 3124 2163 3226 Severo,
2190 3119 2655 3207 turbantur:
2684 3122 2902 3233 quod
2933 3122 3111 3203 duri
3147 3124 3455 3204 circum

686 3246 856 3332 loci
885 3245 922 3292 ⁶
939 3309 968 3350 ,
994 3246 1548 3362 peditibusque
1575 3248 1674 3333 ad
1712 3276 2070 3364 pugnam
2106 3249 2424 3349 idonei,
2455 3251 2807 3357 equestre
2833 3245 3214 3360 proelium
3238 3247 3456 3328 haud

683 3373 1213 3493 patiebantur.
1274 3375 1497 3459 Dein
1560 3403 1703 3457 rex
1762 3370 1934 3484 ejus
1990 3403 2144 3459 orae
2184 3373 2648 3457 Antiochus
2709 3381 2803 3476 ⁷,
2882 3366 3455 3470 blandimentis

768 3627 787 3655 ¹
810 3620 1022 3680 Snus
1045 3636 1299 3681 nac-ron
1321 3664 1340 3694 ,
1365 3617 1835 3694 sunvrurssm]
1864 3617 2033 3678 Cum
2192 3621 2215 3666 ³
2260 3614 2616 3674 Cunnum
2643 3627 3132 3698 eoeneum-run
3166 3609 3195 3683 ]
3230 3607 3328 3668 De
3356 3604 3452 3669 his

684 3696 908 3759 Judaeae
975 3713 1409 3775 procuratores
1468 3695 1857 3759 diffentirent
1880 3742 1899 3769 ,
1963 3696 2033 3757 &
2110 3687 2351 3754 Ciliciae
2405 3689 2626 3769 asperae
2686 3686 2937 3769 populis
2987 3686 3220 3750 dietum
3276 3684 3453 3765 supra

684 3772 1019 3855 provincia
1043 3775 1220 3838 bello
1254 3776 1494 3838 arderet
1516 3820 1536 3850 ,
1570 3772 1861 3838 subvenit
1886 3776 2034 3836 Um·
2108 3768 2335 3831 Annal.
2376 3773 2463 3835 v1
2482 3814 2503 3844 ,
2532 3787 2637 3844 4¹·

684 3853 916 3916 midius
961 3853 1353 3930 Quadratus,
1400 3858 1601 3916 rector
1638 3851 1848 3934 Syriae.
1890 3855 2031 3915 Jam
2179 3856 2216 3898 4
2252 3849 2700 3910 Mancnonas
2745 3865 2823 3907 nr
2880 3863 3366 3910 uavxcumuxos
3404 3845 3442 3922 ]

683 3931 856 3994 enim
881 3933 1128 3995 Judaeos
1167 3933 1239 3996 ὃ(
1271 3933 1526 3996 Ituroeos
1553 3932 1743 4012 Syrie
1779 3930 2029 3995 additos
2107 3926 2485 3989 Callistratus
2502 3972 2541 4016 ,·
2559 3924 2792 4017 Digest.
2821 3923 2964 3986 libr.
2999 3927 3078 3986 L.
3106 3922 3238 4014 Tit.
3274 3931 3336 3987 6.
3368 3922 3452 3986 de

684 4009 959 4072 vidimus
999 4010 1177 4091 supra
1214 4030 1346 4090 cap.
1373 4032 1473 4088 23·
2103 4008 2249 4068 Jure
2277 4005 2691 4069 immunitatis
2715 4050 2736 4081 ,
2764 4003 2885 4084 leg.
2915 4021 2973 4084 5,
2998 4003 3398 4082 Negottatores
3419 4049 3442 4079 ,

767 4098 791 4128 ²
837 4091 1031 4153 Iuram.
1066 4108 1323 4156 Jumcrs
1374 4089 1832 4164 osrnuravr‘r]
1863 4091 2031 4164 Qua·
2104 4084 2193 4223 ἵυὶ
2216 4103 2497 4144 annonam
2533 4083 2700 4145 Urbis
2723 4080 3030 4221 adgravant,
3060 4082 3190 4140 item
3218 4080 3450 4171 navicu-

684 4166 893 4228 dratus
928 4214 949 4242 ,
1018 4166 1281 4231 Pallanti
1328 4168 1611 4232 adulatus
1676 4165 1984 4230 serviliter
2006 4213 2025 4243 ,
2126 4164 2278 4239 arii,
2314 4165 2403 4244 qui
2433 4184 2674 4223 annonae
2700 4161 2781 4224 Ur
2817 4162 2866 4222 is
2864 4161 3161 4239 serviunt,
3192 4159 3450 4218 immuni-

682 4244 969 4322 Felicem
1004 4293 1024 4320 ‚
1080 4247 1209 4324 ejus
1274 4244 1561 4321 fratrem,
1614 4246 2025 4310 accusandum
2108 4259 2277 4303 tatem
2312 4263 2349 4303 a
2386 4241 2700 4303 muneribus
2740 4239 2977 4316 publicis
3012 4238 3400 4322 consequuntur
3425 4281 3471 4309 „

685 4322 841 4387 licet
863 4325 933 4387 ὃ(
968 4324 1372 4401 judicandum
1397 4371 1415 4399 ,
1439 4325 1509 4387 in
1548 4325 1827 4388 tribunal·
1849 4345 2024 4390 rece·
2100 4319 2353 4401 quamdiu
2394 4324 2452 4382 in
2505 4318 2757 4402 ejusmodi
2795 4318 2917 4378 αέἔιι
2936 4314 3450 4397 fiant.Audeban't

600 4459 608 4472 ,
679 4401 818 4483 pit,
864 4403 937 4466 &e
995 4400 1157 4465 inter
1222 4403 1460 4494 judices
1516 4404 1848 4467 ostentavit
1888 4450 1908 4481 ,
1956 4419 2026 4466 ut
2101 4401 2236 4463 vim
2256 4399 2324 4462 in
2348 4402 2623 4464 cultores
2652 4397 3141 4481 &oppidanos-²,
3176 4394 3307 4455 &c.

679 4480 884 4544 studia
928 4480 1350 4545 accusantium
1387 4482 1863 4547 deterrerentur.
1907 4486 2026 4545 Ita·
2182 4491 2202 4536 5
2245 4483 2722 4542 Annuunmnsrs
2819 4480 3270 4546 Anemurium,
3302 4470 3451 4531 urbs

677 4579 802 4641 que
826 4561 1150 4622 Cumanus
1172 4557 1494 4623 damnatus
1520 4561 1598 4625 est
1617 4563 1699 4625 fla
1742 4560 2024 4635 itiorum‚
2102 4557 2413 4621 maritima
2434 4557 2700 4628 Ciliciae,
2780 4572 3003 4624 nemnr,
3019 4549 3124 4610 vel
3143 4546 3450 4629 Estenmur.

726 4659 816 4700 uae
860 4638 988 4703 duo
1035 4639 1473 4719 deliquerant,
1517 4640 1644 4730 ipse
1705 4638 1916 4703 cilicet
1958 4640 2029 4703 &
2184 4640 2212 4676 ⁶
2255 4637 2431 4697 Dum
2465 4654 2716 4698 cmcou
2745 4652 2895 4694 mer
2923 4631 2953 4706 ]
2980 4631 3238 4707 Propter
3270 4647 3452 4718 morg-

678 4655 887 4779 ffelix.
914 4718 1063 4780 Haec
1090 4724 1262 4780 certe
1301 4716 1634 4782 distinentis
1667 4731 2027 4790 narrantur,
2105 4731 2216 4778 tes.
2240 4716 2420 4776 Unde
2462 4716 2695 4802 τραχεῖαι
2728 4708 2794 4770 id
2819 4708 2899 4771 est
2922 4706 3146 4785 aspera,
3182 4705 3311 4770 haec
3343 4707 3453 4770 Ci-

733 4795 878 4854 uam
892 4809 963 4857 ut
994 4794 1274 4874 Josephi,
1301 4796 1516 4878 Antiq.
1535 4797 1676 4860 Jud.
1699 4798 1816 4857 XX
1837 4842 1855 4870 ,
1894 4813 1963 4875 5,
1990 4801 2029 4856 6
2104 4791 2262 4854 liciae
2295 4812 2429 4870 pars
2462 4791 2717 4852 dicitur.
3357 4860 3371 4872 ·

794 4892 856 4950 7,
889 4872 1154 4936 confuse
1208 4893 1280 4936 ac
1322 4875 1725 4942 tumultuarie
1764 4874 2030 4939 scriben·
2184 4881 2212 4922 ⁷
2256 4872 2393 4932 Rex
2433 4890 2571 4935 mus
2598 4887 2744 4930 oRAE
2768 4864 3192 4939 Ant-iocans]
3225 4863 3452 4923 Antro-

680 4948 768 5019 δίε
808 4970 983 5015 error
1015 4972 1151 5018 non
1184 4968 1413 5034 pateat.
2109 4944 2258 5014 chus
2300 4951 2423 5030 lv,
2468 4966 2579 5012 rex
2632 4948 3075 5026 Commagena
3105 4986 3127 5020 ‚
3185 4941 3264 5004 de
3316 4956 3450 5016 quo
