4975 6149
865 313 1699 414 ANNALIUM
1762 314 2199 412 LIBER
2273 322 3147 420 UNDEc1MUS.
3281 351 3406 445 25.

618 518 825 610 »per
882 486 1164 575 orbern
1198 512 1423 571 terrae
1452 480 1878 597 legionum
1908 496 1986 590 ¹,
2030 485 2318 571 additis
2348 491 2975 602 provincialium
3025 492 3395 584 validiffi-
3442 533 3681 581 zm

615 623 835 704 »mis
861 676 890 722 ,
931 615 1131 699 fesso
1183 612 1529 728 imperio
1588 608 2068 695 subventum
2106 614 2240 697 est.
2281 617 2511 699 Num
2563 624 2888 732 paenitet
2936 621 3232 712 Balbos
3292 658 3395 713 ex
3446 612 3675 666 ‘⁴⁸⁶⁰‘C‘

620 738 1080 858 »Hispania
1115 800 1145 846 ,
1203 768 1363 823 nec
1424 738 1687 821 minus
1756 738 2099 851 insignes
2168 742 2384 825 viros
2438 770 2485 826 e
2545 741 2819 830 Gallia
2889 750 3394 839 Narbonensi
3484 708 3642 868 ξος,

622 868 1188 958 ntmnfiviffe?
1266 866 1620 949 Manent
1690 867 1981 978 posteri
2060 895 2339 949 eorum
2376 927 2406 971 ,
2460 899 2616 955 nec
2679 901 2950 957 amore
3025 879 3140 971 in⁸
3182 883 3394 967 hanc
3509 851 3623 987 aa.

522 1028 571 1111 ς
629 1000 1028 1115 »patriam
1064 989 1302 1077 nobis
1369 989 1858 1075 concedunt.
1914 993 2141 1105 Quid
2194 990 2412 1078 aliud
2461 995 2714 1081 exitio
2759 1000 3395 1090 Lacedaemoniis

628 1163 678 1206 ι)
698 1136 782 1211 δι
809 1117 1430 1207 Atheniensibus
1457 1117 1656 1220 fuit,
1687 1148 2169 1229 quamquam
2209 1123 2443 1205 armis
2498 1121 2901 1239 pollerent
2928 1188 2957 1231 ,
2998 1130 3141 1212 nisi
3179 1130 3401 1241 quod

633 1253 953 1336 »vifikos
975 1278 1120 1362 pro
1168 1242 1647 1356 alienigenis
1679 1244 2058 1330 arcebant
2087 1251 2116 1327 ἓ
2145 1249 2260 1330 At
2297 1249 2676 1335 conditor
2701 1255 2963 1337 noster
2992 1244 3404 1343 Romulus

640 1400 1019 1462 »tantum
1075 1368 1459 1486 sapientia
1529 1367 1785 1455 valuit
1812 1433 1841 1476 ,
1885 1398 1978 1455 ut
2022 1370 2444 1489 plerosque
2496 1377 2842 1491 populos
2908 1382 3199 1466 eodem
3268 1385 3402 1469 die

643 1504 964 1587 »hostes
998 1557 1028 1601 ,
1071 1498 1257 1582 dein
1328 1499 1552 1581 cives
1621 1496 2014 1582 habuerit.
2085 1500 2440 1584 Advenae
2497 1505 2587 1585 in
2638 1533 2787 1589 nos
2834 1536 3401 1619 regnaverunt.

492 1660 589 1716 ιο
640 1627 1303 1713 »Libertinorum
1340 1622 1526 1706 filiis
1554 1630 1585 1665 ²
1640 1628 2137 1738 magistratus
2179 1627 2536 1712 mandari
2565 1688 2594 1733 ,
2639 1660 2861 1736 non,
2912 1661 3001 1717 ut
3039 1633 3406 1750 plerique

635 1751 1093 1840 »falluntur
1120 1810 1147 1853 ‚
1184 1779 1467 1865 repens
1503 1758 1524 1807 ³
1558 1810 1587 1853 ,
1616 1750 1753 1835 sed
1783 1756 2030 1866 priori
2052 1751 2383 1869 'populo
2418 1754 2866 1841 factitatum
2894 1762 3026 1844 est.
3069 1764 3182 1843 At
3212 1791 3404 1846 cum

637 1874 1237 1967 »Senonibus4
1278 1879 1857 1989 pugnavimus:
1907 1877 2222 1965 scilicet
2273 1878 2562 1969 Volsci
2605 1891 2688 1966 &
2738 1888 3048 1996 AEqui⁵
3089 1946 3119 1991 ‚
3170 1917 3403 1971 num-

646 2035 951 2118 »quam
981 2000 1381 2086 adversam
1409 1999 1642 2087 nobis
1672 2006 1931 2087 aciem
1969 2008 2360 2092 struxere?
2393 2008 2637 2122 Capti
2667 2040 2711 2092 a
2740 2008 3004 2096 Gallis
3035 2009 3072 2058 ⁶
3108 2015 3406 2098 sumus.

644 2126 864 2217 »Sed
917 2138 1000 2214 ὅ(
1058 2127 1346 2212 Tuscis
1409 2126 1713 2215 obfides
1783 2130 2145 2216 dedimus
2203 2143 2288 2237 ⁷,
2358 2141 2441 2216 ὅ(
2510 2136 2996 2219 Samnitium
3043 2135 3326 2250 jugum
3369 2134 3403 2186 ⁸

507 2280 593 2361 15
645 2256 1167 2342 »subivimu8.
1254 2257 1640 2340 Attamen
1722 2256 1779 2335 fi
1858 2262 2141 2343 cunila
2222 2255 2439 2345 bella
2528 2262 2940 2352 recenseas
2975 2321 3004 2367 ,
3087 2262 3408 2348 nullum

644 2385 1069 2468 »breviore
1113 2381 1371 2497 spatio
1412 2394 1447 2441 ⁹
1478 2441 1508 2485 ,
1562 2379 1799 2491 quam
1838 2384 2208 2469 adversus
2263 2382 2552 2470 Gallos
2567 2446 2597 2491 ‚
2655 2388 3136 2473 confectum.
3185 2392 3408 2476 Con-

649 2515 935 2595 »tinua‘
960 2507 1150 2590 inde
1197 2538 1291 2592 ac
1327 2507 1486 2591 fida
1544 2537 1726 2622 pax,
1775 2512 1965 2605 Jam
2012 2508 2421 2615 moribus,
2454 2510 2812 2617 artibus,
2865 2515 3410 2601 adfinitatibus

650 2636 988 2722 »nostris
1050 2636 1330 2737 mixti,
1385 2664 1664 2717 aurum
1731 2643 1812 2719 &
1880 2667 2073 2752 opes
2144 2635 2317 2722 suas
2371 2637 2720 2722 inferant
2788 2644 3106 2753 potius,
3171 2640 3411 2754 quam

652 2762 1054 2877 »separati
1133 2758 1504 2851 habeant.
1574 2762 1934 2868 Omnia,
1982 2789 2242 2879 patres
2325 2763 2768 2880 conscripti
2815 2823 2845 2867 ,
2926 2797 3094 2877 quae
3192 2799 3415 2852 nunc

504 2913 613 2967 20
658 2885 1214 2975 »vetustiffima
1265 2886 1698 3011 creduntur
1725 2948 1756 2997 ‚
1797 2918 2013 2976 nova
2064 2891 2340 2977 fuere:
2383 2886 2652 3006 plebei
2703 2893 3198 3005 magistratus
3239 2896 3414 3009 post

655 3109 710 3170 le
736 3106 857 3183 Po,
901 3103 1277 3170 habitabant.
1339 3106 1529 3173 Nunc
1583 3107 1635 3169 le
1674 3106 1883 3170 Duche
1927 3106 1995 3168 de
2064 3109 2139 3169 ad
2166 3108 2438 3172 hominum
2464 3108 2788 3189 interitum,
2812 3112 3025 3175 urbium
3051 3110 3298 3193 stragem
3319 3109 3418 3174 vi·-

656 3186 844 3249 Milan
861 3231 882 3260 ‚
920 3183 1077 3244 Γέται
1094 3183 1158 3245 de
1193 3184 1253 3249 V
1247 3185 1405 3265 entse.
1841 3201 1849 3210 ·
2064 3187 2303 3251 deretur.

713 3277 731 3307 ¹
752 3267 878 3327 Ρειι
896 3284 1364 3328 ,oanan-ranan
1386 3263 1767 3339 mororum]
1789 3265 1997 3340 Quan-
2151 3275 2171 3320 5
2215 3270 2456 3330 vor-scr
2484 3288 2562 3328 ιτ
2586 3267 2825 3341 AEQm]
2859 3262 3075 3329 Volsci
3097 3308 3118 3337 ,
3154 3284 3323 3328 nunc
3357 3264 3419 3324 lae

652 3344 716 3410 ti
735 3356 866 3406 arte
892 3341 1179 3422 legiones
1214 3362 1325 3422 per
1354 3345 1576 3406 orbem
1602 3359 1777 3407 terra:
1807 3341 1997 3404 essent
2063 3341 2248 3418 partie
2300 3339 2654 3403 meridionale
2716 3340 2784 3401 de
2860 3340 2919 3400 la
2965 3337 3287 3422 Campagne
3349 3342 3420 3403 de

653 3423 922 3486 deduc-'taz
961 3419 1231 3484 vidimus
1252 3422 1427 3501 supra
1448 3423 1677 3485 Annal.
1709 3423 1829 3497 lv,
1862 3439 1919 3502 5.
2071 3419 2237 3481 Rome
2322 3419 2388 3480 Εν
2445 3418 2504 3479 la
2548 3417 2732 3495 partie
2762 3418 3193 3499 septentrionale
3238 3418 3304 3480 de
3359 3420 3421 3481 la

652 3539 657 3544 ·
732 3512 758 3540 ²
801 3503 1309 3562 met‘rmonuu
1353 3521 1537 3563 runs
1570 3504 1600 3578 ]
1662 3499 1998 3563 Suetonius
2072 3518 2214 3561 terre
2242 3467 2308 3560 de
2347 3497 2594 3559 Labour.
2628 3498 2815 3578 AEqui
2835 3546 2854 3574 ‚
2885 3497 2943 3559 la
2960 3498 3144 3574 partie
3165 3497 3420 3560 occiden-

658 3579 727 3642 in
759 3577 983 3641 Claud.
1038 3581 1263 3643 XXIV.
1315 3578 1654 3642 Claudium
1702 3577 1999 3658 ignotan—
2073 3577 2184 3639 tale
2219 3576 2285 3639 de
2329 3575 2386 3637 la
2430 3576 2757 3657 Campagne
2800 3575 2866 3638 de
2888 3576 3058 3639 Rome
3080 3583 3210 3653 pres
3257 3577 3323 3640 de
3357 3577 3419 3639 1ae

654 3656 755 3722 tiae
808 3654 1014 3737 arguit
1062 3655 1156 3718 his
1221 3656 1468 3721 verbis:
1524 3655 2002 3737 Reprehensionem
2054 3659 2249 3739 source
2280 3654 2352 3714 du
2388 3654 2693 3718 Teverone.

655 3755 885 3810 verens,
920 3733 1088 3793 etiam
1112 3732 1348 3809 Appium
1376 3733 1636 3811 Coecum,
1672 3735 1899 3815 generis
1945 3736 1999 3794 ui
2153 3738 2182 3777 ⁶
2222 3736 2381 3798 Cn
2402 3754 2481 3796 ‘rr
2567 3756 2606 3795 Α
2635 3793 2638 3798 ,
2666 3734 2782 3796 GA
2802 3757 2837 3795 1.
2858 3753 2977 3796 trs
3004 3738 3032 3812 ]
3101 3737 3159 3794 Α
3222 3733 3420 3796 Gallis

654 3813 1061 3891 froaucflvrem,
1094 3813 1360 3903 cenjbrem
1382 3857 1402 3886 ‚
1434 3811 1809 3884 libertinorum
1842 3811 1901 3893 fi
1920 3813 2002 3873 ios
2074 3812 2465 3891 Senonibus,
2510 3826 2581 3876 ut
2638 3810 2872 3876 dictum
2931 3811 3002 3874 in
3045 3811 3220 3876 -notis
3288 3832 3425 3893 cap.

654 3892 985 3970 insertarum
1022 3889 1186 3971 allegz
1227 3913 1257 3951 e
1301 3890 1518 3952 docuit.-
1560 3892 1795 3974 ignarus
1817 3938 1838 3967 ‚
1866 3909 2003 3952 tem—
2076 3892 2203 3972 sup.
3111 3945 3116 3950 .

658 3969 872 4047 poribus
914 3969 1121 4045 Appii,
1262 3967 1516 4044 deinceps
1555 3968 1893 4050 «aliquamdiu
1937 3969 2004 4030 li·
2155 3983 2182 4025 7
2225 3973 2500 4033 Onsrmzs
2545 3970 2886 4045 nummus]
2936 3971 3140 4049 Capto
3183 3967 3427 4034 sanicu-

660 4048 899 4110 bertinus
936 4046 1136 4123 didos,
1184 4066 1294 4108 non
1336 4049 1476 4128 iprs
1514 4050 1607 4127 qui,
1647 4050 2004 4110 manumitte-
2079 4049 2144 4116 lo
2165 4096 2187 4126 ,
2221 4047 2463 4113 obfides
2499 4049 2817 4122 Porsenae„
2849 4066 2915 4109 re
2959 4046 3291 4123 iEtruriae‚
3322 4048 3428 4107 de-

672 4144 854 4187 rentur
875 4174 895 4202 ‚
909 4123 1012 4204 Jed
1049 4126 1318 4206 ingenuos
1343 4129 1414 4187 e'x
1460 4126 1548 4189 his
1577 4146 1910 4203 procreatos.
2081 4129 2225 4192 dere
2256 4126 2528 4192 Romani
2568 4146 2738 4189 anno
2772 4128 2848 4188 U.
2947 4169 2964 4185 .
3007 4147 3274 4190 ccxtv1.
3306 4122 3432 4192 Li-·‚
3557 4152 3564 4155 ·

748 4205 1064 4279 snmus]
1091 4204 1192 4267 Sic
1224 4220 1484 4283 veteres,
1506 4226 1577 4270 ae
1597 4206 1851 4274 Tacitus
1868 4252 1887 4282 ,
1912 4205 2008 4268 di·
2081 4207 2219 4270 vius
2242 4209 2298 4267 11
2322 4253 2341 4283 ,
2389 4228 2483 4285 13.
2522 4204 2682 4268 Plin.
2717 4204 3017 4279 XXXVI,
3055 4223 3150 4280 13.

673 4280 814 4346 ιὲῐε
842 4303 952 4360 pro
984 4302 1192 4343 recens.
2160 4285 2185 4327 ⁸
2228 4289 2837 4351 Smmrmmucun
2859 4283 2889 4357 ]
2914 4277 3183 4343 Romani
3204 4276 3434 4339 Caudi-

746 4367 779 4409 4
818 4363 969 4423 Cuu
1010 4364 1410 4438 Snuomnus]
1452 4362 1701 4441 Populis
1753 4363 2010 4444 Lugdu·-
2083 4385 2188 4427 nas
2256 4364 2336 4427 ad
2394 4362 2610 4426 furcas.
2646 4358 2905 4438 turpiter
2958 4378 2994 4419 a
3049 4353 3431 4419 Samnitibus

662 4436 873 4508 nensis
919 4438 1134 4502 Galliae
1181 4440 1612 4519 potentissimis
1635 4489 1655 4517 ,
1703 4463 1870 4504 nunc
1933 4439 2012 4500 les
2084 4441 2273 4520 victi3
2299 4442 2533 4521 turpilis
2552 4440 2894 4518 subjugum
2917 4433 3072 4495 mim
3091 4454 3233 4497 cum
3260 4449 3433 4496 utro.-
3522 4440 3530 4447 “

659 4515 904 4595 dioceses
929 4514 999 4575 de
1018 4513 1202 4591 Sens,
1227 4516 1557 4580 d‘Auxerre.
1589 4522 1685 4582 De
1725 4520 1849 4582 illis
1872 4518 2013 4582 Flo·
2086 4542 2207 4602 que
2274 4520 2529 4583 consule
2584 4514 2910 4600 seminudo
2931 4557 2952 4599 ,-
3006 4530 3179 4578 anno
3238 4515 3329 4602 U.
3353 4514 3434 4601 Q.

664 4615 769 4659 {us
813 4596 885 4671 1,
943 4614 1041 4671 13.
1078 4592 1229 4657 Galli
1271 4594 1521 4659 Senones
1552 4644 1574 4673 ‚
1664 4616 1764 4657 ens
1810 4598 2014 4660 natura
2089 4620 2421 4664 cnxxxm.
2501 4595 2722 4671 Quod¹
2756 4590 3056 4653 flebiliter
3143 4589 3436 4659 describit

659 4670 857 4749 ferox,
888 4671 1127 4733 moribus
1158 4671 1482 4750 incondita,
1523 4674 1598 4735 ad
1662 4693 1724 4736 oc
1760 4675 1874 4754 ipsd
1898 4694 2016 4733 cor-—
2091 4677 2311 4739 Livius
2343 4679 2430 4735 IX
2457 4720 2476 4747 ‚
2512 4695 2545 4752 5
2570 4674 2639 4734 &
2665 4677 2726 4732 6.
3191 4743 3206 4758 .

664 4770 851 4825 porum
868 4749 1002 4810 mole
1018 4797 1038 4827 ,
1059 4750 1286 4825 perinde
1307 4754 1480 4813 armis
1501 4751 1818 4835 ingentibus
1837 4800 1857 4829 ,
1883 4750 2016 4810 aded
2170 4763 2196 4802 ⁹
2239 4756 2588 4814 Bnevmnr.
2620 4767 2843 4809 sumo
2869 4750 2898 4823 ]
2926 4748 3258 4814 Decemuo
3281 4764 3318 4822 ρ,
3339 4747 3442 4816 Ju·⁴

670 4829 818 4892 mmai
845 4849 1049 4914 genere
1091 4827 1354 4902 terribilis
1375 4830 1538 4912 fuit,
1579 4850 1640 4897 ut
1668 4831 1838 4912 plane
1881 4844 2018 4894 nata
2094 4829 2184 4901 lio
2216 4828 2447 4896 Caesare
2477 4824 2722 4900 domita
2739 4825 2964 4897 Gallia,

923 4916 1003 5006 T
993 4946 1142 5003 om.
1188 4918 1302 5006 ΙΙ.
2963 4914 3053 5008 Ι),
