4975 6149
1536 371 1707 504 ηε)
2062 414 2169 499 c,
2297 403 3091 498 coRNELu
3213 402 3807 497 TAci‘ri

1245 613 1480 661 a
1519 573 1784 692 atque'
1808 576 2178 694 Nuceria
2210 586 2233 623 ¹
2296 633 2326 679 ,
2367 575 2658 660 additis
2713 572 3114 659 veteranis
3141 633 3169 678 ,
3213 573 3542 660 firmatae
3594 573 3783 659 sunt
3821 607 3839 657 t
3882 562 4316 691 plebeique·

1181 749 1201 794 ι,
1244 697 1386 750 ’ω’
1412 701 1477 752 0·
1516 706 2024 819 congiarium
2063 710 2096 745 ²
2145 701 2686 814 quadringeni
2712 703 3081 785 nummi³
3126 702 3436 785 viritim
3482 702 3701 805 dati,
3747 708 3831 785 ὅ(
3871 703 4316 790 sestertifim

1287 793 1441 959 ,ξιξ
1516 831 2168 947 quadringenties
2207 838 2246 888 ⁴
2297 831 2570 913 aerario
2619 825 2964 915 inlatum
3021 830 3132 912 est
3180 827 3281 912 ad
3319 827 3827 915 retinendam
3874 829 4162 946 populi
4220 833 4319 914 fi-

1298 1012 1404 1073 57·
1519 963 1731 1048 dem.
1770 953 2141 1067 Vestigal
2194 951 2517 1068 quoque
2569 957 2859 1067 quintae
2913 963 2997 1040 ὃ(
3059 954 3452 1043 vicesima:
3505 965 3532 1022 5
3595 953 4009 1044 venalium
4073 988 4312 1047 man-

1519 1090 1928 1203 cipiorum
1969 1082 2373 1166 remissum
2400 1141 2429 1186 ,
2481 1083 2750 1197 specie
2791 1085 3047 1194 magis
3107 1078 3347 1192 quam
3389 1111 3476 1165 re
3514 1079 3552 1129 ⁶
3588 1115 3607 1163 z
3646 1084 3833 1193 quia
3871 1089 4056 1168 cum
4107 1115 4311 1169 ven-
4426 1087 4485 1182 ἰ3

1518 1216 1733 1300 ditor
1763 1211 2112 1328 pendere
2142 1203 2551 1315 juberetur
2579 1267 2610 1312 ,
2650 1211 2737 1291 in
2783 1234 3093 1324 partem
3149 1210 3390 1324 pretii
3441 1208 3938 1324 emptoribus
3980 1210 4305 1295 adcres-

1514 1337 1779 1427 cebat.
1824 1336 2106 1422 Edixit
2156 1335 2415 1422 Caesar
2438 1394 2467 1438 ,
2532 1366 2582 1411 .‹<
2609 1364 2713 1419 ne
2766 1338 2942 1447 quis
3016 1338 3509 1448 magistratus
3524 1397 3553 1442 ,
3590 1362 3728 1421 aut
3769 1364 4311 1452 procurator,

1425 1545 1428 1548 .
1513 1500 1564 1548 2>
1584 1469 1721 1580 qui
1746 1466 2252 1580 provinciam
2282 1461 2732 1564 obtineret,
2763 1461 3307 1575 speclaculum
3332 1460 3913 1576 gladiatorum,
3951 1492 4089 1565 aut
4111 1464 4310 1549 fera-

1512 1621 1761 1676 »rum
1785 1650 1814 1695 ,
1853 1615 1990 1675 aut
2030 1588 2251 1700 quod
2277 1587 2496 1675 aliud
2529 1585 2933 1675 ludicrum
2960 1590 3232 1675 ederet
3259 1625 3304 1668 2>
3326 1653 3346 1674 .
3384 1594 3602 1676 Nam
3630 1591 3816 1676 ante
3844 1622 4011 1676 non
4041 1595 4310 1675 mincis

1510 1717 1660 1804 tali
1706 1715 2138 1830 largitione
2162 1773 2193 1820 ,
2231 1713 2473 1827 quam
2516 1716 3045 1830 corripiendis
3074 1719 3439 1833 pecuniis
3465 1776 3494 1820 ,
3556 1713 3947 1826 subjefilos
3980 1719 4308 1831 adflige·
4375 1731 4479 1794 10

1512 1843 1760 1941 bant3
1812 1843 2009 1928 dum
2061 1871 2232 1954 quae
2280 1840 2622 1927 libidine
2680 1840 3241 1956 deliquerant,
3296 1842 3603 1930 ambitu
3654 1871 4196 1961 propugnant.
4239 1852 4306 1927 ⁷.

1639 1969 2058 2056 XXXII.
2119 1971 2560 2056 FAC-rum
2610 1977 2694 2054 ὃ(
2738 1969 3524 2057 senatusconsultum
3566 1966 3597 2018 ⁸
3633 1968 3932 2055 ultioni
3961 1968 4191 2081 juxta
4218 1976 4307 2057 δε

1512 2098 1925 2184 securitati
1955 2154 1983 2201 ,
2026 2128 2072 2171 «
2095 2121 2186 2178 ut
2215 2096 2269 2176 fi
2305 2099 2479 2206 quis
2512 2127 2556 2179 a
2593 2097 2750 2179 suis
2794 2098 3041 2181 servis
3069 2097 3530 2194 interfectus
3570 2090 3801 2198 effet,
3832 2100 3890 2178 ii
3922 2126 4248 2209 quoque
4270 2152 4310 2201 ,

1509 2225 1717 2334 »qui
1766 2225 2243 2311 testamento
2288 2220 2733 2306 manumissi
2770 2220 2911 2304 sub
2952 2221 3244 2306 eodem
3275 2223 3488 2305 reno
3537 2220 3988 2304 mansissent
4013 2280 4042 2324 ,
4089 2227 4307 2303 inter

1510 2350 1852 2434 »servos
1892 2343 2288 2463 supplicia
2318 2346 2765 2463 penderent
2786 2380 2832 2426 >2
2853 2408 2874 2432 .
2898 2345 3304 2437 Redditur
3341 2346 3606 2437 ordini
3627 2348 3921 2439 Lurius
3951 2350 4246 2440 Varius
4269 2402 4303 2467 ,
4374 2369 4404 2420 ι
4424 2355 4479 2462 5

1603 2577 1625 2611 ⁸
1675 2568 1901 2631 CAPUA
1940 2586 2149 2639 uque
2188 2564 2553 2645 Nuciznia]
2605 2566 2704 2631 De
2748 2569 2870 2632 Ca-
2945 2564 3081 2631 dari
3118 2566 3321 2631 sensus
3363 2565 3493 2647 ipse
3550 2564 3835 2647 postulat.
3886 2566 3982 2633 Ita
4080 2580 4303 2647 uoque

1517 2644 1646 2729 pua
1678 2647 1912 2710 dicium
1954 2645 2344 2719 Annal.1·V,
2396 2664 2495 2726 57.
2547 2646 2865 2725 Nuceria,
2941 2649 3324 2712 emendabat
3377 2645 3600 2708 Illustr.
3657 2644 3945 2708 Huetius.
4070 2646 4170 2708 ale
4228 2643 4302 2706 in

1512 2744 1687 2789 nunc
1715 2725 1966 2787 Nocera.
2003 2729 2100 2787 Au
2142 2723 2339 2786 ustum
2375 2724 2704 2798 coloniam
2744 2728 2865 2798 de·
2940 2727 3075 2789 Mss'.
3113 2729 3185 2791 ὃ(
3214 2724 3400 2789 editis
3436 2723 3654 2798 libris,
3687 2723 3875 2803 specie
3908 2726 4093 2815 magis
4136 2726 4302 2803 quam

1514 2802 1756 2870 duxiffe
1784 2808 2065 2887 Capuam
2122 2801 2311 2868 cribit
2345 2802 2582 2892 Plinius
2617 2807 2865 2884 XVIII,
2938 2806 3215 2947 lirundg
3236 2805 3509 2872 eruditus
3527 2802 3812 2868 Petavius
3830 2802 4073 2883 aliquid
4090 2800 4300 2867 deess'e

1522 2903 1620 2965 ιι,
2375 2908 2380 2912 ⁴
2965 2906 3004 2948 u
3033 2905 3171 2963 pica
3218 2901 3377 2947 atur.

1589 2972 1620 3005 ²
1684 2962 2041 3037 Praanuz
2108 2982 2521 3025 conciti-nimi
2567 2962 2600 3039 ]
2666 2961 2865 3040 Hujus
3018 2975 3047 3017 7
3088 2969 3351 3026 Anniw
3390 2962 3854 3037 exornemur]
3889 2965 4045 3038 Quae
4111 2960 4302 3024 inex-¹

1513 3040 1827 3123 congiarii
1872 3041 2181 3107 memoria
2229 3040 2419 3104 exstat
2469 3040 2541 3103 in
2592 3060 2859 3109 nummo
2939 3041 3165 3124 plebili
3206 3041 3746 3123 corripiendarum
3774 3040 4196 3120 pecuniarum
4218 3037 4301 3101 li-

1512 3142 1594 3184 ex
1615 3141 1733 3183 aere
1766 3142 1999 3203 magno
2023 3121 2192 3201 apud
2222 3119 2618 3187 Harduinum
2640 3121 2862 3197 Selest.
2936 3121 3162 3187 bidine
3205 3122 3607 3202 deliquerant
3629 3169 3649 3198 ,
3707 3118 4048 3183 ambitiosi
4100 3119 4302 3183 ludo·-

1511 3204 1768 3278 Opera,
1817 3221 1958 3280 pag.
2040 3219 2187 3279 722.
2253 3200 2485 3265 NERO
2547 3200 2862 3265 CLAVD.
2939 3200 3433 3282 rumlargition'e
3461 3199 4298 3273 nonexcusabanttanttim,

1511 3280 1738 3341 CAES.
1784 3281 1982 3344 AVG.
2040 3278 2297 3345 GERM.
2345 3279 2410 3339 P.
2463 3278 2553 3341 M.
2612 3279 2754 3341 TR.
2797 3280 2861 3340 Ρ.
2938 3280 3046 3344 sed
3077 3282 3603 3362 propugnabant:
3650 3279 3718 3342 &
3748 3276 4040 3357 pecunias
4070 3277 4146 3343 in
4171 3273 4300 3341 uti-

1511 3358 1675 3419 IMP.
1729 3358 1794 3419 P.
1840 3359 1905 3420 P.
1956 3356 2160 3437 capite
2215 3354 2495 3419 Neronis
2558 3354 2860 3420 laureato.
2939 3358 3187 3425 litatem
3224 3357 3545 3440 propriam
3591 3355 3897 3419 derivatas
3936 3354 3996 3418 se
4045 3354 4299 3437 impen-

1513 3438 1608 3499 Ex
1627 3434 1889 3498 adversa
1910 3452 2083 3513 parte
2118 3436 2528 3499 CONGIAR.
2557 3437 2638 3497 II.
2664 3437 2860 3498 DAT.
2939 3439 3087 3503 diffe
3139 3438 3208 3500 in
3309 3436 3650 3516 opulorum
3704 3435 4171 3500 oblectamenta
4222 3433 4300 3503 &C
4375 3460 4381 3465 ·

1510 3516 1710 3578 PoP..
1739 3517 1859 3577 SC.
1918 3512 2282 3596 Congiarium
2315 3513 2623 3594 secundum
2671 3513 2862 3575 datum
2935 3516 3187 3597 imperii
3210 3458 3612 3596 splendorem
3645 3512 4039 3591 jactitabant.

1501 3592 1726 3670 populo.
1764 3590 2317 3684 Senatfisfoszfidto.
2372 3595 2550 3659 Nero
2610 3609 2861 3675 togatus
3014 3593 3041 3637 ⁸
3083 3600 3749 3660 sanatusconsurruu
3788 3593 4297 3734 &senatusconff

1513 3672 1828 3764 distribuit
1859 3691 2258 3763 congiarium
2287 3674 2555 3752 populo,
2579 3674 2675 3734 De
2703 3686 2861 3737 con-
2902 3694 2903 3701 ¹
2937 3670 3081 3737 sulti
3140 3673 3539 3738 severitatem
3626 3692 3784 3735 excu
3850 3685 3877 3735 t
3940 3672 4247 3753 Ulpianus
4265 3686 4297 3747 ,'

1441 3804 1449 3809 .
1507 3750 1719 3894 {masiis
1735 3749 1913 3841 plura
1929 3750 2218 3839 dicentur
2239 3771 2306 3811 in
2336 3752 2525 3816 Notis
2545 3752 2860 3841 &Emen-
2934 3751 3163 3835 Digest.
3187 3755 3441 3845 XXIX.
3480 3750 3614 3815 Tit.
3639 3755 3718 3814 V.
3763 3751 3842 3840 de
3873 3752 4294 3847 Senatusconf

1555 3830 1876 3894 ationibus
1918 3828 1998 3892 ad
2038 3829 2293 3910 Dialog.
2343 3832 2421 3894 de
2480 3831 2855 3894 Oratoribus
2932 3831 3095 3897 sulto
3140 3832 3462 3903 Silaniano
3499 3831 3571 3896 δε
3612 3828 3990 3892 Claudiano.
4036 3831 4195 3910 Leg.
4229 3849 4289 3891 1.

1507 3928 1646 3987 cap.
1677 3928 1774 3984 17.
2934 3909 3077 3973 Cam
3132 3909 3300 3971 aliter
3335 3908 3492 3971 nulla
3538 3906 3728 3967 domus
3760 3923 3878 3967 tuta
3931 3905 4029 3987 effe
4080 3906 4311 3990 poffit,

1590 3996 1611 4040 3
1664 3989 2128 4075 Quannmcimi
2204 4008 2421 4056 uuum
2470 3990 2503 4066 ]
2575 3987 2855 4054 Monetae
2930 3988 3038 4069 nisi
3052 4036 3073 4065 ,
3095 3988 3336 4065 periculo
3354 3985 3659 4065 capitis-sui
3680 4032 3700 4061 ,
3728 3983 4017 4067 custodiam
4039 3983 4291 4060 domini,

1508 4063 1768 4129 Gallicae
1806 4062 1981 4126 hbrae
2018 4085 2125 4145 77.
2931 4083 3046 4127 tam
3067 4087 3103 4126 a
3142 4065 3443 4147 domesticis
3461 4112 3482 4143 ,
3506 4068 3665 4145 qua'm
3685 4062 3757 4123 ab
3775 4064 4096 4143 extraneis,
4110 4065 4286 4145 praf-

1587 4146 2037 4208 *isias-ramnum
2057 4150 2660 4223 QUADRINGENTIEs]
2685 4151 2855 4223 Qua·
2931 4162 3055 4207 tare
3075 4145 3230 4225 firvi
3283 4163 3556 4228 cogantur
3585 4191 3607 4220 ,
3651 4142 3771 4209 ideo
3806 4143 4285 4227 senatuftonfiiltae
4366 4200 4369 4203 ,

1507 4221 1893 4302 dringenties
1936 4231 2204 4289 centena
2244 4222 2447 4286 millia
2475 4224 2850 4302 sestertium,
2931 4223 3241 4285 introducat
3261 4224 3401 4305 fiant
3430 4222 3497 4284 de
3530 4220 3754 4299 publica
3818 4222 4069 4305 uaestione
4110 4246 4148 4285 a
4174 4222 4284 4300 sa·
4338 4290 4345 4297 .

1506 4317 1782 4367 monetae
1822 4300 2078 4367 Gallicae
2111 4300 2284 4364 librae
2320 4306 2690 4384 7‚782,oio.
2930 4302 3086 4364 milia
3110 4323 3430 4366 necatorum
3473 4300 3747 4393 habenda.
3782 4243 3948 4393 lllqd
3975 4306 4130 4368 vero
4179 4302 4284 4365 se·-

1591 4394 1610 4439 5
1659 4386 1930 4459 Quini-ia
1977 4403 2054 4445 m·
2113 4385 2501 4459 vicesima]
2559 4385 2640 4446 Ut
2684 4382 2852 4447 inter
2931 4381 3469 4449 natusconsultum
3540 4382 3771 4446 dicitur
3836 4381 4223 4445 Silanianum
4255 4387 4287 4453 ,⁴

1507 4461 1752 4525 Gallica
1775 4459 2101 4542 vectigalia
2137 4459 2477 4540 appellatur
2514 4458 2565 4520 le
2604 4461 2853 4554 vingtie·
2932 4464 3108 4542 quod
3138 4463 3344 4544 primo
3375 4464 3483 4526 sub
3515 4462 3788 4543 Augusto
3808 4509 3828 4539 ,
3848 4457 4182 4524 Dolabella
4205 4456 4280 4520 ὅ(

1505 4560 1632 4602 me:
1677 4538 1761 4605 fic
1813 4559 2071 4622 quoque
2114 4538 2389 4612 Romani
2429 4539 2643 4603 dixere
2673 4562 2850 4606 vice·
2930 4541 3144 4606 Silano
3179 4542 3326 4607 coff.
3358 4562 3526 4607 anno
3557 4544 3631 4604 U.
3686 4543 3762 4603 C.
3808 4560 4139 4611 nccixiii,
4188 4534 4279 4596 lav

1507 4617 1723 4683 limam
1742 4661 1763 4692 ‚
1796 4616 1848 4679 le
1884 4618 2220 4700 vingtieme3
2261 4617 2548 4699 quintam
2580 4621 2651 4684 δε
2678 4621 2850 4689 vice·
2930 4636 3086 4684 tum.
3108 4621 3564 4702 Claudianum,
3588 4620 3765 4701 quod
3784 4639 3893 4697 per
3922 4618 3984 4677 N
3988 4621 4283 4695 emnem,

1505 4693 1762 4769 simam,
1809 4695 1862 4755 le
1898 4695 2414 4778 vingt-citzquieme.
2469 4697 2594 4762 Sed
2634 4699 2713 4775 de
2754 4700 2850 4765 his
2928 4720 2965 4764 a
2994 4700 3270 4769 Claudio
3303 4702 3671 4781 adoptatum
3694 4744 3713 4769 ,
3750 4696 3832 4762 est
3849 4706 4230 4757 renovatum
4252 4706 4295 4748 τ’

1505 4773 1684 4852 plura
1720 4772 1788 4833 in
1826 4774 2019 4838 Notis
2058 4779 2130 4844 &
2178 4774 2745 4847 Emendationibus
2770 4781 2850 4857 ad
2931 4779 3164 4859 dictum
3196 4800 3451 4859 quoque
3506 4773 3946 4839 Neronianum
3994 4792 4029 4835 a
4069 4773 4276 4844 Nero·-

1507 4850 1741 4919 Annal,
1772 4851 1959 4928 XIII,
1982 4875 2080 4930 3¹·
2928 4879 3048 4941 ne3
3079 4856 3516 4928 Pisonianam,
3544 4874 3581 4919 a
3617 4852 3840 4924 Pisone
3878 4850 4146 4932 collega.
4168 4845 4276 4912 De

1583 4931 1616 4995 ,⁶
1654 4932 1876 4999 Seteia
1910 4951 2104 4999 aiacis
2130 4955 2313 5009 quau
2344 4958 2427 4999 niz
2449 4940 2481 5016 ]
2503 4934 2606 5002 Sic
2629 4958 2847 5003 emen-
2925 4936 3022 5002 his
3039 4936 3280 5001 dicetur
3300 4932 3501 5006 adhue
3522 4928 3685 4995 infra
3713 4930 3943 4995 Annal.
3963 4933 4147 5005 xlv,
4166 4928 4278 5007 24²·

3780 5010 4219 5108 consularis
4239 5069 4279 5133 2
