4975 6149
1449 470 1625 527 212

1960 441 2062 525 C.
2179 434 3014 525 CORNELII
3122 432 3695 519 TACITI

1170 629 1403 673 Ξ
1447 600 1766 717 »qualis
1799 603 2132 715 quisque
2158 602 2599 704 habeatur,
2655 596 2847 683 alibi
2883 597 3121 709 quam
3159 600 3243 680 in
3280 600 3585 682 civium
3613 593 3923 703 judicio
3963 596 4151 683 effe.

1575 730 1836 814 XXI.
1920 764 1965 806 «
1997 732 2263 814 OL1M
2304 729 2633 839 quidem
2659 755 2824 808 non
2857 726 3106 809 modo
3141 752 3427 838 praetor
3458 783 3482 826 ,
3516 750 3652 807 aut
3679 722 3966 833 consul
3995 786 4023 828 ,
4081 723 4222 808 sed

1449 859 1804 971 »privati
1839 860 2079 941 etiam
2122 853 2650 939 mittebantur
2677 911 2703 954 ,
2745 855 2880 962 qui
2931 853 3392 965 provincias
3430 850 3782 933 viserent
3814 909 3842 952 ‚
3898 857 3983 933 ὃ(
4027 849 4224 958 quid

1449 983 1616 1067 »de
1670 979 2053 1094 cujusque
2110 981 2496 1092 obsequio
2536 978 2942 1062 videretur
2987 1037 3016 1080 ‚
3069 976 3456 1059 referrent
3496 1010 3512 1056 ε
3552 972 4222 1089 trepidabantque

1450 1135 1798 1222 »gentes
1837 1111 1936 1193 de
1986 1110 2570 1193 existimatione
2624 1101 3144 1216 singulorum.
3187 1104 3302 1183 At
3332 1133 3549 1186 nunc
3576 1101 3924 1186 colimus
3950 1128 4216 1185 exter-
4335 1129 4380 1208 5

1452 1271 1499 1313 >>
1521 1265 1666 1319 nos
1687 1294 1714 1338 ,
1748 1242 1829 1322 δε
1855 1234 2310 1331 adulamur3
2338 1241 2420 1316 &
2449 1230 2864 1342 quomodo
2903 1230 3003 1313 ad
3047 1255 3334 1313 nutum
3364 1225 3705 1335 alicujus
3732 1252 3993 1339 grates
4022 1286 4050 1330 ,
4106 1230 4219 1310 ita

1450 1365 1964 1476 »promptius
1991 1359 2398 1446 accusatio
2429 1358 2916 1441 decernitur.
2978 1355 3646 1466 Decernaturque
3676 1415 3703 1458 ,
3768 1362 3851 1437 ὅ(
3896 1382 4217 1439 maneat

1451 1485 2149 1601 »provincialibus
2184 1547 2211 1589 ‚
2260 1486 2709 1600 potentiam
2765 1482 2985 1567 suam
3045 1480 3188 1567 tali
3230 1482 3481 1567 modo
3514 1481 4044 1564 ostentandi¹:
4077 1480 4217 1564 sed

1451 1609 1687 1697 »laus
1729 1611 1922 1697 falsa
1963 1621 2046 1696 δε
2095 1610 2466 1726 precibus
2498 1608 2851 1724 expressa
2882 1668 2910 1711 ,
2955 1610 3286 1724 perinde
3326 1605 3858 1694 cohibeantur
3895 1667 3921 1710 ,
3974 1602 4215 1717 quarn

1449 1737 1821 1822 »malitia
1846 1798 1874 1842 ,
1930 1736 2164 1848 quam
2193 1734 2652 1822 crudelitaS.
2703 1731 2941 1818 Plura
2969 1736 3165 1850 saepe
3213 1762 3654 1849 peccantur
3693 1742 3722 1778 ²
3763 1793 3790 1837 ,
3838 1734 4028 1817 dum
4074 1732 4211 1817 de·
4281 1760 4386 1815 10

1449 1894 1912 1959 »meremur
1936 1924 1963 1967 ,
2002 1861 2240 1975 quam
2290 1864 2481 1947 dum
2536 1860 3048 1948 offendimus.
3131 1863 3523 1973 Quaedam
3570 1863 3826 1944 immo
3877 1862 4213 1944 virtutes

1447 1991 1706 2074 »odio
1780 1990 1963 2073 sunt
2004 2052 2032 2094 ,
2090 1990 2462 2074 severitas
2512 1986 2956 2090 obstinata,
3023 1990 3362 2072 inviCtus
3422 1988 3838 2073 adversum
3877 1988 4216 2100 gratiam

1446 2151 1492 2197 >>
1512 2119 1847 2199 animus,
1899 2117 2098 2200 Inde
2129 2119 2359 2200 initia
2388 2117 2986 2225 magistratuum
3023 2117 3469 2198 nostrorum
3520 2111 3859 2198 meliora
3897 2114 4151 2196 ferme
4184 2171 4213 2216 ,

1445 2249 1598 2324 »ὃς
1642 2243 1821 2324 finis
1861 2239 2256 2344 inclinat,
2305 2242 2543 2342 dum,
2595 2242 2680 2320 in
2713 2240 3051 2323 modum
3101 2238 3768 2340 candidatorum,
3836 2240 4210 2348 suffragia

1445 2369 2299 2477 »conquirimuszquae
2337 2367 2393 2446 fi
2453 2390 2876 2448 arceantur
2918 2424 2947 2467 ‚
3001 2362 3373 2475 aequalius
3436 2388 3672 2473 atque
3723 2365 4206 2446 constantius
4279 2390 4306 2442 1
4332 2388 4378 2465 ς

1444 2524 1492 2571 >›
1512 2494 1945 2605 provinciae
1970 2520 2388 2604 regentur:
2423 2521 2606 2575 narn
2643 2518 2734 2573 ut
2761 2517 2982 2574 metu
3011 2490 3631 2606 repetundarum
3660 2488 3987 2587 infra&a
4024 2519 4208 2573 ava-

1445 2620 1690 2702 »ritia
1728 2620 1877 2718 est,
1927 2621 2083 2720 ita,
2124 2616 2380 2702 'vetitfi
2409 2621 2842 2730 gratiarum
2870 2619 3180 2703 afflone
3211 2677 3238 2721 ,
3295 2615 3629 2700 ambitio
3668 2612 4097 2699 cohibetur
4120 2633 4213 2698 ».⁴

1572 2744 1890 2827 XXII.
1954 2745 2336 2829 MAGNO
2397 2741 2701 2828 assensu
2750 2742 3155 2829 celebrata
3201 2744 3620 2827 sententia.
3679 2745 3880 2824 Non
3934 2768 4208 2825 tamen

1446 2868 2227 2954 senatusconsultum
2266 2873 2545 2985 perfici
2587 2873 2900 2981 potuit,
2932 2868 3464 2954 abnuentibus
3492 2864 3956 2952 consulibus
4028 2902 4072 2943 <c
4110 2862 4205 2949 ea

1441 3029 1489 3073 >2
1510 2995 1610 3080 de
1635 3027 1719 3080 re
1760 2994 2140 3082 relatum³
2166 3033 2209 3074 »
2231 3062 2252 3082 .
2307 2998 2560 3100 Mox,
2596 2999 2911 3083 au&ore
2935 2997 3309 3112 Principe
3333 3058 3361 3103 ,
3392 2996 3718 3079 sanxere
3744 3053 3773 3097 ‚
3831 3026 3875 3069 «
3904 3024 4007 3079 ne
4031 2976 4218 3106 quis‘
4259 3013 4376 3080 20

1442 3154 1491 3203 »
1510 3123 1608 3208 ad
1635 3122 2082 3209 concilium
2119 3125 2529 3210 sociorum
2551 3123 2883 3209 referret
2910 3134 2978 3230 ⁴,
3009 3124 3354 3237 agendas
3394 3122 3605 3237 apud
3629 3121 3986 3205 senatum
4016 3152 4202 3234 pro·-

1173 706 1237 757 A.
1257 709 1316 757 Ua
1336 709 1398 758 C.

1209 796 1245 867 8
1260 810 1355 873 15.

1219 907 1267 957 J.
1303 908 1367 959 C.

1237 1000 1340 1058 62..

1523 3381 1544 3410 ¹
1587 3371 1752 3434 Tam
1808 3389 1994 3435 nono
2041 3375 2492 3452 OSTENTANDI]
2559 3375 2635 3436 In
2672 3373 2799 3455 hac⁸

1442 3448 1695 3529 publica
1719 3467 1969 3512 morum
2010 3453 2360 3531 corruptela
2396 3455 2784 3529 decernatur,

1440 3543 1813 3618 maneatque
1876 3529 2370 3608 provincialibus
2412 3534 2524 3610 jus,
2557 3548 2787 3612 poten-

1441 3621 1594 3669 nam
1618 3606 1783 3696 suam
1799 3607 2255 3688 magistratuum
2275 3609 2672 3675 accusatione
2697 3612 2788 3675 os-

1441 3684 1749 3747 tentandi.

1492 3768 1549 3852 ‘²
1594 3765 1800 3827 Ριυιυι
1845 3781 2003 3825 aava
2051 3771 2471 3846 racemum]
2518 3768 2666 3830 Haec
2707 3768 2786 3833 de

1441 3838 1617 3902 vitiis
1685 3842 1755 3904 δε
1817 3839 2152 3907 virtutibus
2200 3891 2220 3919 ‚
2273 3849 2461 3926 quam
2489 3846 2783 3927 grandia!

1440 3919 1630 4006 quam
1656 3917 1924 3981 Thraseii
1946 3921 2244 4004 virilique
2271 3923 2531 4005 ingenio
2558 3925 2624 3986 di
2667 3925 2782 3989 na!

1438 3994 1622 4085 ῌιῂιῙ
1658 3997 1781 4058 tale
1815 4016 2044 4077 quaeras
2069 4002 2231 4082 apud
2274 4006 2610 4081 Senecam,
2660 4004 2784 4068 icet

1437 4091 1508 4134 m
1533 4093 1610 4135 us
1645 4072 1718 4136 fit
1746 4074 2069 4153 plurimuS.

1518 4161 1541 4206 3
1588 4155 1677 4215 ΕΑ
1723 4175 1804 4243 ορ
1864 4176 1941 4216 aa
1994 4161 2350 4235 natarum]
2429 4161 2782 4223 Consulum

1437 4246 1571 4292 erat
1601 4231 1977 4296 relationem
2018 4236 2214 4300 facere
2243 4258 2259 4297 z
2287 4236 2354 4298 id
2386 4239 2455 4301 &
2476 4237 2783 4319 Principi-

1436 4308 1553 4373 bus
1579 4310 1955 4374 concessum.
2014 4319 2139 4389 At,
2180 4315 2332 4378 licet
2378 4317 2666 4379 nondum
2690 4317 2783 4381 fa-

1435 4386 1530 4449 aa
1542 4388 1853 4454 relatione
1869 4438 1887 4466 ‚
1915 4393 2089 4473 quod
2103 4393 2168 4454 in
2186 4413 2529 4458 commune
2543 4399 2786 4458 condu-

1434 4484 1604 4530 ceret
1670 4490 2039 4549 expromere
2093 4487 2385 4553 poterant
2445 4474 2777 4538 senatores.

1432 4544 1621 4632 Nunc
1696 4551 1850 4613 vero
1910 4550 2283 4615 relationem
2356 4553 2779 4624 abnuentibus

1428 4624 1829 4701 consulibus,
1856 4627 2024 4693 illius
2060 4635 2273 4694 auCtor
2307 4630 2427 4694 fuit
2459 4632 2585 4711 ipse
2607 4633 2778 4695 Prin-

2942 3382 2974 3425 4
3013 3376 3110 3437 An
3147 3393 3489 3438 concitum
3513 3390 3831 3436 sommum
3854 3368 4201 3442 saranum-J

2864 3455 2945 3514 Ut
2965 3452 3092 3517 haec
3116 3452 3569 3533 intelligantur,
3594 3449 4048 3538 observandum
4067 3467 4202 3508 mo-

2863 3530 2945 3593 ris
2977 3531 3153 3596 fuiffe
3192 3549 3262 3595 ut
3299 3528 3716 3612 provinciales
3749 3543 4073 3616 mitterent
4109 3525 4202 3588 le-

2863 3626 3039 3691 gatos
3073 3658 3094 3688 ,
3155 3611 3264 3690 qui
3305 3607 3773 3692 provinciarum
3822 3604 4204 3669 administra-

2862 3691 3044 3754 tione
3088 3689 3445 3770 perfunelos
3494 3703 3902 3769 propre-‚tores
3933 3700 4040 3747 aut
4060 3704 4205 3763 pro-

2863 3769 3149 3833 consules
3182 3769 3432 3848 publice
3469 3767 3538 3829 in
3583 3767 3794 3830 senatu
3836 3765 4204 3837 laudarent,

2861 3849 2932 3912 8<
2961 3848 3184 3929 gratias
3218 3862 3496 3929 agerent.
3548 3846 3702 3905 Inde
3745 3841 4204 3930 magistratuum

2861 3928 3295 3990 Romanorum
3338 3924 3481 3987 finis
3526 3920 3596 3983 in
3635 3921 3957 3983 deteriora
4008 3919 4204 3982 inch-
4283 3974 4298 3984 ,

2860 4008 3050 4068 nabat
3075 4028 3094 4082 ·,
3120 4007 3189 4069 δε
3216 4049 3236 4077 ,
3276 4002 3344 4063 in
3377 4000 3639 4062 modum
3668 3996 4147 4060 candidatorum
4179 4041 4202 4072 ,

2859 4083 3140 4162 suffragia
3177 4078 3658 4160 conquirebant.
3702 4076 3897 4153 Quod
3928 4092 3998 4139 ut
4035 4096 4202 4138 arce-

2858 4176 2955 4223 ret
3011 4158 3307 4239 Augustus
3337 4201 3362 4231 ,
3418 4171 3703 4218 vetuerat
3756 4174 3927 4218 anno
3995 4157 4068 4216 U.
4124 4158 4200 4218 C.

2860 4260 3154 4302 ncctxrv.
3182 4257 3262 4299 ne
3288 4234 3390 4299 cui
3420 4233 3891 4315 provinciarum
3911 4231 4198 4314 praefesto

2858 4332 3143 4397 tempore
3163 4312 3579 4396 magistratus,
3615 4314 3723 4376 vel
3760 4311 4198 4395 sexagesimum

2858 4395 3021 4458 intra
3064 4395 3234 4458 diem
3270 4394 3402 4476 post
3439 4392 3614 4456 fuum
3647 4412 3682 4455 e
3717 4391 4049 4473 provincia
4080 4389 4191 4452 dis-

2857 4474 3083 4538 cessum
3133 4474 3295 4537 ullus
3361 4471 3569 4536 honos
3627 4471 3891 4535 daretur.
3950 4466 4194 4550 Quidam

2858 4554 3067 4629 enim,
3102 4553 3253 4617 teste
3268 4552 3484 4615 Dione
3501 4554 3642 4615 LVI
3667 4597 3685 4626 ,
3717 4571 3853 4641 pag.
3875 4553 4025 4638 28⁶⁹
4068 4546 4193 4635 palm

2856 4632 3155 4714 testimonia
3208 4629 3270 4692 ὓ·
3318 4629 3511 4692 laudes
3537 4630 3600 4690 in
3647 4643 3948 4704 promncns
3965 4621 4078 4704 filu
4107 4640 4193 4683 tta

1431 4718 1611 4787 ΕῼΡδὶ
1653 4701 2009 4792 ῑὸρὶαωςιιε
2039 4709 2660 4774 senatusconsultum.
2679 4714 2775 4776 De
2848 4710 3124 4793 paraffint
3145 4756 3165 4786 ,
3191 4709 3364 4772 multa
3384 4705 3578 4774 deinde
3609 4704 3757 4765 mala
3787 4718 4194 4779 patraverant,

1429 4774 1530 4837 lus
1555 4778 1965 4847 relationibus
1992 4790 2126 4877 jam
2153 4789 2383 4881 distin-m
2424 4791 2774 4885 §qual-11⁶,
2853 4791 2929 4852 ’ὅτι
2987 4791 3111 4855 τοὶς
3175 4788 3453 4894 papa-offas
3501 4791 3622 4864 παρ’
3650 4790 3808 4844 εὖτ-ὅν
3860 4781 4195 4884 ιμὶιέπσξίνυς

1433 4857 1539 4999 ἐξ·
1571 4859 1745 4931 ΧῙῙῘ,
1790 4882 1892 4934 49·
1927 4865 2189 4930 chetur
2212 4870 2281 4931 &
2313 4867 2474 4931 mfta
2497 4890 2565 4932 ln
2585 4872 2774 4937 Notis
2853 4867 3477 4949 aeporaeaepmwaegoptm
3513 4908 3535 4936 ,
3584 4861 3746 4924 roas&
3781 4860 3876 4923 διὸ
3906 4889 4041 4923 τετυ
4068 4889 4198 4922 σιω·-

1522 4932 2087 5009 Emendationibus
2107 4947 2187 5011 ad
2207 4947 2358 5014 nist.
2375 4951 2485 5031 lv,
2501 4956 2542 5015 6
2544 4994 2568 5020 v

2853 4950 3061 5031 scimur.
3094 4947 3231 5015 Post
3246 4942 3497 5028 Augusti
3517 4961 3590 5008 ac
3606 4941 3886 5007 Neronis
3913 4941 4197 5020 decreta,
