4975 6149
917 450 1567 547 ANNALIUM
1629 454 1975 549 LIBER
2037 455 2552 547 DECIMUS
2617 460 3075 551 SEXTUS.
3262 498 3441 574 277

648 647 996 744 »potem
1036 621 1428 706 facerent.
1469 622 1561 705 N
1565 649 1675 704 on
1711 617 1835 702 illi
1873 618 2244 706 consulta
2265 625 2482 727 haec,
2522 657 2689 711 non
2717 632 3209 742 magistratus
3234 691 3262 736 ,
3298 657 3437 717 aut
3482 665 3717 711 Ξ

642 757 1179 841 »Romanam
1221 745 1507 831 urbem
1541 746 1824 831 videri.
1866 747 2408 863 Abrumperet
2443 753 2695 835 vitam
2758 755 2853 838 ab
2921 755 3015 839 ea
3052 759 3378 845 civitate
3401 819 3434 866 ‚
3462 742 3713 807 *⁰⁸⁰⁶

649 876 950 985 »cujus
999 877 1416 962 caritatem
1460 870 1713 975 olim,
1765 904 1984 960 nunc
2039 883 2123 960 ὃ(
2165 876 2567 990 aspeEium
2604 881 2939 964 exuisset
2973 917 3061 966 22.
3520 836 3675 999 ἵζ’

779 1004 1145 1092 XXIX.
1214 1000 1441 1084 CUM
1479 1030 1639 1116 -per
1675 1004 1845 1086 haec
1891 1029 2129 1114 atque
2169 999 2361 1086 talia
2399 1004 2848 1090 Marcellus
2872 1065 2903 1111 ‚
2938 1036 3031 1091 ut
3064 1037 3241 1105 ¹erat
3277 1039 3434 1100 tor-
3536 1036 3646 1096 66.

543 1159 593 1242 5
656 1161 805 1220 vus
838 1141 922 1217 ὅ(
957 1133 1292 1232 minax,
1333 1157 1544 1213 voce
1572 1187 1600 1232 ,
1641 1126 1930 1233 vultu,
1979 1126 2241 1213 oculis
2271 1131 2718 1216 ardesceret
2750 1162 2774 1229 3
2814 1164 2981 1217 non
3022 1134 3161 1220 illa
3197 1170 3392 1227 nota
3407 1168 3441 1248 ,¹

653 1267 741 1345 ὃ(
789 1254 1259 1341 celebritate
1322 1251 1875 1370 periculorum
1932 1254 2155 1340 sueta
2196 1252 2413 1361 jam,
2470 1257 2782 1343 senatfis
2835 1264 3185 1346 maestitia
3215 1325 3243 1370 ,
3301 1269 3440 1354 sed

656 1413 916 1471 novus
954 1390 1038 1467 ὃ(
1089 1380 1334 1467 altior
1405 1411 1714 1496 pavor,
1763 1411 2044 1465 manus
2106 1391 2189 1466 ὃς
2247 1379 2409 1466 tela
2465 1382 2816 1467 militum
2869 1390 3436 1478 cernentibus:

658 1507 886 1594 simul
918 1509 1154 1624 ipsius
1188 1508 1557 1591 Thraseae
1595 1505 2074 1592 venerabilis
2108 1508 2413 1621 species
2448 1509 3046 1598 obversabatur:
3088 1525 3170 1600 ὃ(
3211 1545 3439 1604 erant

657 1640 792 1749 qui
837 1670 883 1713 «
919 1632 1402 1720 Helvidium
1445 1663 1832 1745 quoque»
1872 1634 2431 1718 miserarentur
2456 1694 2487 1740 ‚
2535 1639 2953 1721 «innoxiae
3002 1643 3433 1731 adfinitatis

502 1791 602 1845 10
656 1792 1001 1880 »poenas
1038 1762 1438 1847 daturum.
1485 1760 1715 1873 Quid
1756 1762 2213 1875 Agrippino
2260 1758 2703 1868 objeEium‚
2752 1766 2896 1847 nifi
2936 1770 3235 1854 tristem
3292 1803 3430 1887 pa-
3557 1799 3563 1806 ·

654 1894 859 1975 »tris
911 1888 1321 1972 fortunam
1365 1893 1395 1968 ἓ
1467 1885 1791 1997 quando
1854 1894 1938 1971 ὃ(
1996 1883 2188 1993 ille,
2256 1890 2586 2001 perinde
2651 1893 3044 1979 innocens
3085 1955 3113 2000 ,
3187 1898 3433 1982 Tibe-

651 2019 816 2099 »rii
865 2011 1155 2099 saevitiss
1190 2012 1689 2100 concidisset.
1730 2012 2170 2099 Enimvero
2207 2016 2706 2120 *Montanum
2746 2016 3009 2131 probae
3041 2019 3430 2130 juventae,

655 2176 704 2221 »
723 2171 981 2253 neque
1009 2141 1286 2226 famofi
1315 2141 1688 2226 carminis
1725 2150 1747 2185 ¹
1781 2198 1813 2246 ‚
1853 2143 2037 2252 quia
2065 2138 2495 2255 protulerit
2523 2145 2942 2254 ingenium
2965 2205 2995 2252 ,
3025 2172 3431 2236 extorrem

652 2273 851 2381 »agi
900 2304 988 2352 2).

778 2394 1088 2483 XXX.
1155 2393 1523 2496 ATQUE
1571 2396 1896 2480 interim
1938 2394 2303 2482 Ostorius
2341 2395 2681 2481 Sabinus
2711 2456 2740 2500 ‚
2778 2400 3067 2484 Sorani
3107 2402 3432 2490 accusa-

658 2548 844 2626 tor,
893 2520 1390 2634 ingreditur,
1434 2524 1900 2635 orditurque
1945 2558 1991 2601 «
2061 2524 2161 2607 de
2211 2522 2566 2606 amicitia
2608 2521 2976 2608 Rubellii
3013 2523 3277 2610 Plauti
3315 2537 3346 2572 ²
3395 2590 3431 2636 ,

649 2647 1094 2760 »quodque
1139 2646 1798 2762 proconsulatum
1839 2651 2036 2732 Afiae
2078 2652 2432 2733 Soranus
2472 2679 2619 2763 pro
2666 2646 3029 2736 claritate
3076 2650 3214 2735 fibi
3280 2685 3435 2769 po-

649 2778 869 2860 »tius
898 2775 1520 2860 accomodatum
1543 2835 1571 2880 ,
1612 2774 1852 2885 quam
1892 2806 1995 2859 ex
2023 2771 2372 2859 utilitate
2405 2778 2823 2858 communi
2853 2778 3132 2888 egisset
3153 2838 3181 2883 ,
3214 2779 3429 2864 alen·-

649 2902 824 2986 »do
858 2901 1291 2986 seditiones
1337 2905 1762 2986 civitatum
1795 2911 1818 2960 ³
1864 2935 1952 2984 ³).
1978 2906 2280 2987 Vetera
2315 2904 2531 2983 haec:
2585 2900 2722 2984 sed
2762 2930 3044 2986 recens
3070 2964 3101 3007 ,
3143 2905 3424 2991 discri-

650 3030 851 3113 mini
917 3029 1160 3144 patris
1218 3024 1467 3113 filiam
1523 3025 2060 3112 conneEiebat
2084 3036 2121 3087 4
2149 3084 2180 3128 ,
2257 3058 2302 3101 «
2370 3024 2593 3135 quod
2653 3031 3078 3140 pecuniam
3150 3031 3427 3145 Magis

652 3189 699 3237 >›
719 3153 1086 3267 dilargita
1127 3155 1319 3240 ess‘et
1364 3189 1452 3237 ²).
1492 3153 1931 3238 Acciderat
1969 3154 2155 3239 sane
2202 3154 2504 3265 pietate
2538 3150 2893 3236 Serviliae
2926 3155 3073 3258 (id
3122 3186 3427 3243 nomen

652 3279 935 3398 puellae
974 3282 1191 3390 fuit)
1232 3311 1401 3392 quae
1428 3339 1459 3385 ‚
1502 3282 1831 3364 caritate
1871 3309 2060 3392 erga
2110 3303 2576 3394 parentem,
2616 3275 2847 3360 simul
2882 3280 3424 3393 imprudentia

631 3413 892 3496 ,aetatis
917 3468 948 3514 ‚
995 3439 1166 3492 non
1203 3434 1475 3493 tamen
1515 3403 1738 3490 aliud
1772 3405 2371 3491 consultaverat
2397 3464 2426 3509 ,
2477 3401 2717 3516 quam
2760 3438 2805 3479 «
2845 3405 2943 3489 de
2986 3403 3425 3491 incolumi-

507 2416 594 2496 15

498 3050 602 3106 20

650 3609 786 3672 raro
819 3606 1279 3687 frequentaret,
1317 3604 1507 3688 quam
1560 3601 1839 3668 solitudo
1867 3602 2002 3669 fre-
2079 3600 2203 3683 qui
2243 3600 2421 3682 supra
2453 3621 2586 3681 cap.
2618 3622 2719 3680 23.
3190 3677 3204 3692 .
3241 3677 3257 3691 ·

648 3684 939 3769 quentari
972 3686 1147 3749 solet.
2102 3726 2105 3730 .
2159 3691 2180 3735 ³
2213 3684 2988 3769 Snmnpusscrvrmwu
3014 3678 3432 3757 ]Sed1t10nes

729 3777 747 3806 ¹
795 3768 1029 3838 Neoun
1071 3782 1304 3826 uuosr
1338 3763 1882 3852 cARu1u1s0]Non
1912 3762 1999 3824 ob
2078 3778 2152 3849 ap
2199 3758 2349 3821 ellat
2387 3779 2500 3819 vim
2543 3760 2794 3821 civitatis
2860 3759 3221 3841 Pergamenoe
3245 3804 3265 3834 ,
3294 3778 3427 3834 pro·

649 3842 955 3909 famosum
1023 3862 1274 3905 carmen
1312 3888 1332 3916 ,
1399 3840 1504 3903 sed
1552 3860 1699 3920 qma
1755 3840 2000 3921 ingenii

648 3922 994 4003 specimina
1017 3919 1351 4002 protulerit
1375 3964 1395 3992 ,
1427 3917 1718 3983 extorris.
1741 3920 1953 3981 Postea
1974 3965 1996 3993 ‚

646 4019 716 4064 ut
755 4001 1012 4064 videtur
1032 4045 1051 4073 ,
1096 4019 1232 4062 non
1258 3995 1490 4061 melior
1513 4045 1532 4073 ,
1569 3997 1673 4059 sed
1703 3995 2001 4076 Principi-

647 4081 762 4142 bus
830 4077 1150 4159 acceptior
1182 4124 1201 4153 ,
1258 4076 1616 4156 pudendam
1674 4072 1837 4140 hanc
1899 4076 1998 4166 ‘de

651 4158 949 4221 Rhombo
995 4158 1064 4220 δε
1102 4154 1310 4234 patinai
1354 4154 1728 4219 sententiam
1783 4154 1947 4218 dixit
1976 4201 1997 4232 ,

652 4256 844 4318 quam
896 4251 1202 4298 memorat
1224 4233 1581 4310 Juvenalis‚
1616 4237 1742 4310 IV,
1779 4241 1920 4312 136,

714 4340 853 4392 Vicit
878 4342 1027 4407 digna
1053 4343 1156 4393 viro
1171 4341 1439 4406 sententia.-
1479 4356 1675 4392 noverat
1703 4340 1788 4391 ille

715 4408 983 4458 luxuriam
1023 4409 1206 4475 imperii
1235 4425 1473 4467 veterem,
1516 4408 1751 4473 milesque
1788 4407 1999 4458 Neronis

717 4470 832 4525 Jam
846 4476 1043 4534 medias,
1057 4477 1281 4544 aliamque
1290 4478 1492 4541 famem,
1505 4473 1611 4524 cum
1626 4475 1786 4539 pulmo
1798 4474 1999 4525 Falerno

713 4541 924 4594 Ardet-et
944 4565 963 4593 .·
999 4545 1119 4594 nulli
1147 4549 1300 4610 major
1317 4543 1418 4607 ficit
1449 4543 1552 4610 ulit-t
1588 4541 1752 4592 edendi

714 4608 996 4677 Tempestate
1016 4609 1137 4662 med.

650 4697 828 4759 Unde
858 4696 1088 4760 mitum
1118 4693 1398 4761 hominis
1439 4692 1783 4757 abdomen.
1807 4694 2001 4752 Juve-

649 4774 771 4836 nal.
793 4774 959 4837 Ibid.
1004 4775 1161 4837 vers.
1199 4795 1339 4852 107.

705 4886 931 4961 ‚Montani
957 4903 1128 4954 quoque
1149 4900 1310 4936 venter·
1330 4884 1458 4952 adest
1475 4884 1718 4938 abdomine
1739 4884 1916 4934 tardus.

2076 3836 2130 3896 lu
2170 3837 2316 3897 entis
2354 3836 2628 3897 Acratum
2651 3885 2670 3914 ,
2701 3837 2943 3918 Coesaris
2988 3837 3275 3913 libertum,
3350 3857 3428 3896 a·-

2078 3933 2208 3975 tuas
2254 3913 2317 3976 cr
2356 3915 2607 3993 piauras
2641 3918 2910 3995 avehere,
2953 3936 3141 3997 quam
3190 3917 3288 3976 inu
3311 3934 3427 3977 tam

2076 3995 2362 4075 omiserat,
2395 4011 2466 4057 ut
2512 3994 2745 4058 dicium
2784 3998 2957 4076 supra
2987 4016 3118 4076 cap.
3153 4017 3254 4073 23.

2155 4083 2188 4122 4
2229 4076 2747 4150 Consecrant]
2775 4075 3074 4139 Delatore
3108 4074 3383 4155 Egnatio
3403 4122 3427 4153 ,

2078 4169 2146 4217 ut
2181 4152 2522 4232 accipimus
2567 4174 2645 4217 ex
2674 4171 2889 4218 vetere
2926 4153 3262 4219 Scholiaste
3310 4157 3426 4219 Ju-

2078 4232 2359 4310 venalis,
2383 4233 2472 4296 vl·
2490 4279 2511 4310 ,
2541 4253 2686 4315 55¹·

2543 4334 2708 4386 Faciet
2726 4369 2739 4391 ‚
2765 4334 2887 4397 quod
2920 4334 3102 4398 deferat
3130 4333 3237 4398 ipse.

2074 4425 2443 4492 scholiastes
2467 4448 2483 4486 ε
2503 4423 2611 4483 Hic
2645 4421 2953 4502 Egnatium
2971 4418 3340 4499 Philosophum
3337 4417 3424 4500 st-

2069 4507 2174 4595 gni
2219 4524 2333 4580 cat,
2352 4505 2439 4584 qui
2441 4502 2630 4582 filiam
2654 4500 2852 4558 Bareae
2865 4497 3094 4573 Sorani,
3118 4517 3275 4576 quam
3299 4503 3421 4558 cam

2077 4505 2219 4661 zpjefi
2205 4583 2278 4641 ad
2293 4583 2590 4662 magicam,
2617 4576 2812 4648 (forte
2831 4575 3205 4655 magiam,aut
3240 4596 3328 4634 ma
3371 4578 3420 4638 i-

2078 4665 2201 4736 cen)
2215 4658 2529 4739 descendiffie
2548 4657 2797 4716 hortatus
2811 4652 3289 4735 (corrige‚descen
3332 4677 3424 4716 ere

2077 4738 2195 4819 efflet
2211 4733 2710 4808 hortatus)detulit
2724 4731 2981 4792 Neroni:
3024 4732 3086 4792 ob
3113 4753 3272 4812 quam
3307 4735 3422 4794 rem

2078 4816 2212 4875 mori
2238 4835 2357 4873 cum
2399 4830 2560 4888 patre
2592 4810 2732 4891 juffa
2762 4810 2835 4891 est
2864 4830 2899 4868 a
2930 4810 3177 4874 Nerone.
3223 4810 3276 4870 E
3317 4832 3429 4871 na-

2078 4893 2213 4952 tium
2254 4910 2435 4951 autem
2493 4889 2579 4949 hic
2604 4905 2764 4964 poeta
2810 4889 2872 4949 ob
2918 4887 3240 4951 delationem
3311 4910 3434 4952 ane

724 4983 754 5015 ²
791 4977 1476 5070 AmmnffiRuassun
1536 4980 1777 5043 ΡιΑυτι
1825 4977 1859 5054 ]
1906 4972 2004 5037 De
2077 4970 2419 5055 ipssmsoepe
2452 4967 2708 5043 lacerta(
2735 4969 3017 5054 corrige,
3044 4968 3255 5031 lacerat
3277 4970 3341 5064 2.
