4975 6149
892 419 1541 510 ANNALIUM
1603 388 1948 511 LIBER
2013 386 2529 510 DECIMUS
2599 394 3134 538 Qum-rus.
3247 451 3420 525 209

638 588 1178 672 »Romanum
1212 584 1682 668 Armeniam
1718 586 2283 698 ingressurum,
2323 588 2593 672 donec
2643 588 3126 672 referrentur
3176 585 3421 672 literae
3467 611 3707 658 ΞΕ

636 714 1064 799 »Neronis
1077 771 1106 815 ,
1163 742 1266 795 an
1303 715 1485 826 paci
1516 739 1903 796 annueret
1937 748 1981 789 >2
2004 775 2023 795 .
2051 714 2253 823 Quae
2278 738 2370 795 ut
2407 714 2787 823 augendae
2827 716 3175 806 infamiae
3203 738 3421 801 com-

641 841 894 958 posita
918 900 946 944 ,
1012 840 1120 924 fic
1155 835 1465 949 reliqua
1513 870 1679 923 non
1722 842 1808 922 in
1862 838 2208 924 obscuro
2240 837 2685 923 habentur:
2718 838 2877 924 una
2917 843 3046 927 die
3086 844 3418 954 quadra-

639 972 868 1081 ginta
915 963 1268 1048 millium
1323 966 1668 1080 spatium
1721 964 2131 1050 emensum
2187 966 2341 1050 esse
2375 968 2677 1049 Paetum
2705 1023 2736 1068 ,
2785 967 3108 1053 desertis
3144 971 3416 1083 paffim

544 1122 591 1202 5
646 1096 985 1190 sauciis;
1025 1122 1288 1204 neque
1325 1095 1587 1177 minus
1650 1092 2099 1178 deformem
2153 1091 2378 1176 illam
2432 1092 2923 1204 fugientium
2957 1096 3419 1208 trepidatio-

646 1251 885 1324 nem,
931 1217 1168 1331 quam
1204 1220 1260 1301 si
1301 1244 1528 1332 terga
1562 1222 1645 1302 in
1693 1223 1867 1305 acie
1916 1216 2350 1305 vertiss'ent.
2409 1214 2779 1303 Corbulo
2826 1250 3015 1305 cum
3062 1220 3220 1306 suis
3271 1252 3421 1307 co-

648 1350 798 1464 piis
862 1346 1075 1461 apud
1131 1350 1387 1461 ripam
1446 1346 1875 1461 Euphratis
1932 1346 2220 1431 obvius
2270 1407 2298 1450 ,
2368 1376 2539 1431 non
2593 1376 2767 1429 eam
2825 1348 3177 1460 speciem
3236 1350 3420 1431 infi-

650 1477 932 1586 gnium
990 1483 1013 1519 ¹
1074 1481 1158 1556 δε
1247 1503 1652 1557 armorum
1710 1472 2106 1590 praetulit,
2157 1500 2249 1556 ut
2299 1472 2832 1557 diversitatem
2873 1473 3418 1588 exprobraret.

652 1599 906 1684 Maesti
932 1596 1415 1714 manipuli²,
1451 1631 1543 1685 ac
1569 1603 1837 1686 vicem
1881 1598 2541 1685 commilitonum
2593 1600 3055 1684 miserantes
3079 1660 3107 1703 ,
3163 1633 3262 1686 ne
3303 1600 3419 1685 la-

513 1757 604 1811 ιο
654 1729 922 1812 crimis
952 1725 1275 1836 quidem
1317 1755 1760 1841 temperare
1815 1763 1833 1811 ε
1888 1731 2027 1811 vix
2076 1757 2231 1841 prae
2291 1728 2490 1809 fletu
2533 1726 2908 1840 usurpata
2959 1726 3418 1812 consaluta-

650 1857 796 1938 tio.
840 1853 1305 1938 Decesserat
1354 1881 1764 1938 certamen
1790 1858 2149 1958 virtutis,
2184 1862 2267 1937 δε
2292 1852 2627 1937 ambitio
2664 1850 2937 1964 gloriae
2962 1911 2989 1955 ,
3046 1853 3413 1938 felicium

652 1983 1080 2064 hominum
1112 1982 1437 2066 affectus
1480 2015 1497 2065 :
1535 1978 1709 2066 sola
1755 1981 2299 2067 misericordia
2339 1977 2661 2065 valebat
2689 2037 2718 2081 ,
2784 1987 2866 2062 δε
2915 1978 3125 2092 apud
3162 1984 3419 2064 mino-

656 2137 779 2193 res
813 2111 1087 2220 magis.
2531 2134 2532 2137 ‘

782 2236 1088 2320 XVII.
1155 2237 1540 2320 DUCUM
1615 2239 1825 2323 inter
1879 2238 1962 2322 se
2010 2236 2276 2322 brevis
2326 2236 2588 2319 sermo
2639 2233 2955 2318 secutus
3040 2232 3149 2315 est
3176 2288 3203 2332 ,
3252 2231 3421 2314 hoc

515 2376 598 2457 15
658 2372 1254 2472 conquerente³
1295 2366 1694 2450 «inritum
1720 2364 2123 2449 laborem:
2155 2362 2495 2479 potuiffe
2521 2357 2830 2444 bellum
2870 2353 3060 2468 fuga
3075 2357 3420 2439 Partho-

652 2518 891 2571 »rum
965 2489 1309 2574 finiri».
1385 2489 1540 2576 Ille
1607 2495 2013 2604 «integra
2081 2494 2400 2601 utrique
2461 2490 2746 2571 cunssa
2803 2520 2849 2562 »
2923 2481 3340 2597 respondit
3386 2538 3418 2584 ,

669 2650 714 2692 (ι
764 2642 1334 2701 converterent
1383 2617 1737 2729 aquilas,
1792 2628 1873 2703 ὃ(
1909 2615 2158 2726 junffl
2197 2615 2673 2700 invaderent
2715 2611 3238 2710 Armeniam)
3283 2605 3418 2690 ab-

651 2742 963 2827 »scess‘u
989 2740 1412 2856 Vologesss
1439 2747 1920 2831 infirmatam
1946 2781 2033 2829 n.
2095 2779 2139 2821 ‹<
2176 2747 2378 2829 Non
2424 2770 2521 2825 ea
2564 2737 3082 2852 Imperatoris
3122 2731 3419 2818 habere

656 2902 702 2945 »
720 2869 1088 2955 mandata
1114 2907 1157 2947 »
1174 2929 1203 2973 ‚
1230 2868 1634 2957 Corbulo:
1676 2909 1721 2950 ι(
1747 2869 2112 2989 periculo
2140 2869 2560 2981 legionum
2588 2888 3094 2950 commotum
3119 2920 3146 2963 ,
3172 2890 3216 2944 e
3240 2890 3419 2975 pro-

508 3022 607 3076 20
655 2994 984 3081 »vincia
1033 2997 1445 3111 egressum.
1501 3000 1859 3113 Quando
1922 3000 2008 3081 in
2064 3000 2379 3081 incerto
2447 2989 2891 3076 habeantur
2937 2988 3418 3071 Parthorum

657 3149 1051 3210 »conatus
1074 3185 1104 3230 ,
1154 3128 1465 3235 Syriam
1518 3132 2072 3243 repetiturum.
2135 3126 2275 3209 Sic
2317 3147 2641 3232 quoque
2689 3119 3080 3231 optimam
3154 3112 3416 3196 fortu-

656 3281 901 3335 »nam
942 3251 1369 3356 orandam,
1425 3280 1517 3337 ut
1566 3254 1806 3369 pedes
1849 3250 2261 3336 confeElus
2292 3245 2563 3362 spatiis
2594 3246 3024 3342 itinerum,
3065 3237 3418 3322 alacrem

651 3386 797 3460 »δι
833 3377 1222 3463 facilitate
1283 3393 1755 3495 camporum
1814 3380 2436 3493 praevenientem
2514 3372 2869 3481 equitem
2948 3364 3419 3474 adsequere-

655 3535 702 3578 >›
721 3532 947 3588 tur».
992 3505 1204 3589 Exin
1240 3506 1492 3590 Paetus
1518 3538 1659 3622 per
1678 3504 2286 3622 Cappadociam
2311 3497 2798 3582 hibernavit.
2847 3493 2961 3576 At
2985 3486 3415 3600 Vologesis

504 3655 600 3734 25
660 3631 755 3714 ad
804 3630 1356 3717 Corbulonem
1422 3634 1620 3715 missi
1677 3635 1993 3735 nuntii,
2074 3664 2120 3705 «
2152 3630 2606 3714 detraheret
2649 3617 2967 3709 castella
3017 3643 3230 3700 trans
3260 3614 3417 3695 Eu-

653 3793 697 3833 »
714 3761 1055 3873 phraten
1077 3820 1105 3864 ,
1131 3791 1609 3870 amnemque
1638 3819 1665 3864 ,
1721 3788 1810 3844 ut
1859 3758 2058 3844 olim
2087 3816 2114 3861 ,
2149 3755 2506 3840 medium
2535 3750 2837 3835 faceret
2866 3781 2911 3823 »
2936 3808 2954 3829 ·
2984 3741 3168 3850 Ille>
3200 3777 3244 3816 “
3273 3745 3418 3823 As*

651 3917 697 3962 »
718 3889 1065 3976 meniam
1091 3917 1410 3999 quoque
1440 3887 1759 3976 diversis
1787 3886 2151 4001 praefidiis
2182 3909 2524 3977 vacuam
2557 3887 2596 3936 4
2645 3875 2816 3962 fieri
2848 3908 2891 3950 »
2960 3864 3416 3984 expostula-

653 4008 816 4095 bat.
881 4013 988 4095 Et
1047 4017 1443 4129 postremo
1499 4014 1883 4100 concessit
1946 4040 2088 4095 rex
2142 4044 2160 4092 ε
2220 4010 2646 4116 dirutaque
2689 4064 2718 4107 ‚
2763 4029 2928 4112 quae
2980 3995 3191 4080 ultra
3252 3993 3418 4075 Eu-

657 4140 996 4250 phraten
1023 4144 1603 4227 communierat
1633 4136 2158 4236 Corbu103&
2187 4134 2556 4220 Armenii
2603 4132 2760 4214 fine
2815 4124 3112 4211 arbitro
3147 4132 3173 4189 5
3227 4118 3420 4204 reli-

496 4298 610 4372 3o
661 4266 762 4346 &i
797 4266 1004 4350 sunt.
2109 4253 2117 4261 ’

732 4494 754 4524 ¹
798 4486 1078 4550 Sestum
1113 4495 1496 4569 nasiomun]
1556 4494 1713 4557 Non
1755 4489 1996 4572 fulgen·
2148 4499 2169 4543 3
2214 4487 2358 4550 Hoc
2395 4475 2903 4554 cottonianum]
2947 4463 3348 4557 Corbulone.

652 4575 741 4652 ²52⁸
775 4563 1058 4655 aquilas,
1095 4568 1197 4632 sed
1238 4572 1558 4651 incompta
1591 4571 1756 4662 ligna
1779 4585 1997 4649 praetu-
2141 4576 2176 4616 4
2212 4568 2532 4632 Dtvrznsxs
2566 4572 2902 4619 Pnaesmus
2937 4543 3246 4617 vacuam]
3265 4542 3422 4602 Cor-

655 4641 749 4703 ht.
772 4644 935 4707 v1de
999 4667 1085 4710 uae
1103 4646 1217 4714 hac
1242 4651 1321 4713 de
1344 4671 1410 4714 re
1438 4667 1799 4714 notavimus
1822 4647 1999 4726 supra
2068 4644 2224 4707 bulo
2258 4663 2387 4723 quo
2438 4660 2516 4701 ue
2551 4629 2985 4724 ‘expostulabat
3013 4668 3050 4713 .’.
3090 4638 3161 4685 ut
3193 4625 3429 4682 Arme-

656 4722 879 4784 Annal.
913 4725 971 4783 11
1027 4772 1046 4801 ,
1098 4749 1159 4789 2.
2072 4723 2279 4796 niam,
2319 4722 2397 4780 de
2446 4720 2597 4777 uchs
2630 4712 2759 4774 alio
2794 4702 3115 4789 praefidus,
3153 4717 3424 4764 vacuam

733 4808 759 4837 ²
799 4802 1016 4866 Mffisrr
1066 4809 1431 4883 naturum]
1489 4809 1696 4886 Quam
1726 4804 1855 4867 haec
1877 4805 2000 4864 Ta·
2071 4800 2304 4862 faceret
2321 4790 2688 4871 Vologeses.
2862 4860 2875 4873 ,
3145 4856 3160 4871 0

652 4872 785 4939 cito
844 4879 1028 4961 digna
1085 4882 1101 4946 !
1164 4889 1494 4963 Quantum
1593 4883 1999 4964 scriptoribus
2157 4887 2174 4932 5
2221 4880 2367 4937 Sum
2412 4869 2756 4943 nunno]
2816 4865 2964 4925 Sine
2985 4859 3282 4923 dommo.
3331 4857 3427 4920 Ita

649 4958 1042 5040 exemplum!
1133 5008 1143 5017 .
2074 4974 2332 5037 quoque
2366 4947 2596 5016 Annal.
2626 4947 2654 5007 1
2684 4992 2708 5025 ‚
2761 4948 2864 5009 26.
2889 5028 2975 5113 D
3003 5026 3056 5111 d

900 5047 979 5128 T
966 5079 1117 5134 om.
1163 5051 1279 5140 ll.

3469 698 3533 749 A.
3556 698 3616 745 U.
3639 698 3708 747 C·

3514 789 3584 849 81
3601 804 3659 865 5.

3510 902 3559 952 J.
3589 901 3656 950 C.

3530 992 3637 1051 62.
