4975 6149
924 358 1095 450 AD
1148 354 1613 445 LIBRUM
1656 352 1854 440 ΧΠ.
1903 350 2190 444 ANN.
2247 359 2344 446 c,
2394 360 3221 461 CORN.TAC1TI.
3284 408 3326 484 3
3348 411 3397 483 7
3414 402 3471 489 ς·

659 546 768 602 tra
810 523 1012 595 aciem
1054 515 1399 615 instrueret
1420 564 1445 599 ‚
1491 532 1609 583 aut
1668 533 2017 606 pugnaret.
2085 512 2303 588 Tunc
2376 515 2882 596 addubitatum
2950 524 3155 601 fuiffe
3222 529 3468 609 salutis

660 620 1043 725 augurium
1066 673 1087 707 ‚
1132 615 1238 691 ob
1286 608 1680 685 imminens
1735 608 2074 686 Catilinae
2104 611 2382 688 bellum
2422 615 2714 695 testatur
2747 622 3056 717 Cicero,
3094 627 3215 705 De
3252 632 3468 708 Divi-

531 718 539 724 ’
657 724 965 804 natione
1005 720 1045 795 1
1076 774 1097 808 ‚
1143 740 1277 814 47.
1328 709 1697 786 Civilibus
1747 709 1958 786 bellis
2013 710 2267 812 postea
2298 713 2661 791 abolitum
2712 721 3017 800 restituit
3056 728 3462 830 August-m,

659 830 973 902 Sueton.
1014 819 1093 894 in
1124 817 1321 918 Aug.
1365 809 1638 888 XXXI.
1677 809 1874 888 Illud
1911 811 2335 916 aliquandiu
2368 817 2671 895 retinuit
2708 821 3053 901 Tiberius
3078 882 3102 917 ,
3138 829 3268 906 sed
3300 836 3464 933 pof-

669 944 793 1001 tea
821 919 1062 998 omifit
1087 975 1109 1010 ,
1136 919 1394 991 harum
1432 910 1879 1014 religionum
1911 934 2404 1017 contemptor.
2454 916 2812 996 Omiffum
2845 924 2947 1000 est
2978 949 3220 1004 autem
3252 935 3461 1035 quin-

669 1032 820 1128 que
851 1029 920 1097 &
971 1019 1047 1094 vi
1101 1017 1239 1093 inti
1282 1012 1534 1102 annis,
1574 1010 1756 1088 teste
1784 1013 2056 1091 Tacito
2076 1024 2326 1117 3'ergo
2364 1018 2455 1094 ab
2493 1040 2690 1096 anno
2724 1020 2822 1097 U.
2856 1023 2946 1100 C.
2987 1052 3407 1110 ncctxxvn
3433 1087 3462 1129 ,

661 1150 821 1230 quo
860 1123 1015 1195 inte
1085 1123 1274 1194 estus
1318 1114 1419 1191 est
1473 1112 1945 1203 TacfarinaS,
1989 1136 2072 1191 ut
2127 1116 2394 1193 dictum
2441 1117 2543 1193 est
2591 1124 2866 1198 Annal.
2913 1126 3024 1201 IV
3058 1181 3081 1217 ,
3131 1154 3263 1233 25.
3580 1128 3585 1131 ’

759 1223 1197 1297 Pommumu
1253 1217 1493 1291 Unms
1549 1221 1586 1308 ]
1646 1214 1990 1290 Tacitum
2030 1215 2499 1294 illustraturus
2525 1275 2548 1310 ,
2593 1222 2896 1322 quid'fit
2939 1224 3162 1302 Urbis
3202 1257 3457 1330 pome.

663 1321 856 1398 rium
884 1378 905 1411 ,
958 1339 1225 1423 quanta
1270 1314 1492 1391 fuerit
1532 1311 1792 1391 Romae
1836 1317 2268 1420 magnitudo
2291 1376 2314 1413 ,
2370 1321 2529 1427 quis
2575 1321 2795 1402 fuerit
2857 1326 3007 1426 ejus
3049 1328 3457 1411 incolarum

661 1446 1051 1508 numeruS,
1100 1415 1530 1519 expendam.

736 1622 932 1741 De
1031 1618 1351 1733 Urbis
1405 1614 1799 1731 Romae
1830 1620 2310 1775 pomerio
2386 1618 2541 1732 <30
2592 1629 3382 1782 magnitudine,

1411 1765 2197 1919 incolarumque
2277 1806 2743 1883 numerO.

777 2026 893 2100 EA
923 2049 1100 2104 Fm‘r
1139 2025 1636 2102 Romanorum
1716 2024 1940 2115 ietas,
1982 2041 2068 2100 ut
2107 2027 2361 2104 omnia
2403 2050 2451 2103 a
2495 2026 2859 2143 religione
2886 2031 3024 2106 aus
3062 2034 3455 2118 icarentur.

668 2126 957 2203 Enituit
1010 2128 1318 2203 maxime
1375 2126 1451 2199 in
1504 2151 1649 2201 con
1685 2126 2015 2201 ecrandis
2052 2129 2343 2204 urbium
2384 2153 2471 2203 ac
2514 2130 2955 2230 potiffimum
3065 2158 3252 2210 omae
3295 2165 3459 2213 mu·-

664 2227 809 2316 ris,
861 2228 989 2330 qui
1033 2226 1228 2327 apud
1277 2249 1405 2303 eos
1444 2225 1663 2302 sanai
1724 2231 1798 2302 dc
1869 2227 2329 2326 quodammodo
2378 2229 2589 2303 divini
2652 2236 2824 2327 juris
2885 2252 3112 2309 erant.
3162 2233 3450 2337 Digest.

662 2326 827 2402 libr.
884 2352 949 2404 1.
996 2328 1151 2403 Tit.
1188 2326 1396 2403 VIII.
1452 2327 1544 2402 de
1594 2351 1833 2401 rerum
1881 2325 2261 2404 divisione.
2310 2327 2490 2431 Leg.
2534 2330 2596 2403 I.
2644 2352 2736 2404 ex
2774 2330 2991 2405 Caio.
3044 2330 3227 2412 Inde
3265 2337 3455 2441 legis

662 2426 1052 2517 severitas,
1102 2433 1175 2503 Si
1226 2434 1362 2529 quis
1407 2432 1763 2504 violaverit
1801 2454 2060 2518 muros,
2098 2435 2304 2525 capite
2343 2436 2687 2526 puniatur.
2735 2431 2924 2506 lbid.
2961 2430 3066 2506 Le
3122 2490 3140 2509 .
3199 2459 3226 2507 1
3252 2463 3314 2512 1.
3359 2463 3452 2514 ex

662 2526 1112 2642 Pomponio.
1159 2526 1270 2604 Ut
1318 2547 1561 2605 autem
1607 2546 1933 2605 maneret
1978 2528 2241 2606 intaeta
2282 2554 2541 2604 eorum
2588 2529 2916 2608 saunitas
2948 2586 2971 2622 ,
3026 2459 3120 2608 ag
3185 2535 3451 2636 injuria

660 2628 1050 2704 hominum
1119 2627 1696 2705 defendebantur
1746 2650 1964 2731 atque
2016 2628 2532 2705 muniebantur
2574 2685 2597 2722 ,
2658 2631 2905 2708 relicta
2968 2653 3115 2707 tam
3184 2636 3376 2712 intra
3424 2700 3447 2728 ,

665 2730 884 2831 quam
925 2750 1125 2807 extra
1157 2729 1416 2804 urbem
1442 2786 1464 2818 ‚
1564 2748 1714 2802 arte·
1765 2726 1964 2829 agri,
2009 2729 2227 2802 muris
2274 2729 2570 2819 vicina,
2624 2756 2839 2832 quam
2875 2757 3067 2831 neque
3114 2737 3453 2828 habitari,

665 2856 863 2929 neque
913 2835 1093 2903 arari
1123 2831 1240 2926 fas
1282 2851 1440 2902 erat.
1497 2756 1746 2902 {ivius
1789 2827 1827 2900 I
1856 2882 1878 2914 ‚
1925 2848 2054 2922 44.
2112 2828 2441 2928 Aug-ures
2474 2883 2497 2917 ‚
2542 2828 2755 2904 sacris
2796 2830 3108 2906 Etruscis
3151 2837 3298 2928 ufi,
3351 2840 3457 2914 ef-

664 2928 828 3003 fatis
856 2986 877 3019 ,
930 2929 1058 3005 seu
1156 2927 1440 3004 tecibus
1471 2984 1493 3018 ‚
1553 2952 1685 3028 per
1731 2925 1958 3001 totius
1993 2926 2190 3001 urbis
2236 2926 2620 3002 circuitum
2662 2955 2863 3029 pone
2906 2958 3149 3007 muros
3193 2959 3445 3038 agrum

663 3028 874 3104 illurn
917 3055 1064 3107 con
1098 3027 1483 3118 ecrabant,
1538 3049 1620 3102 ut
1662 3027 1990 3103 facerent
2036 3026 2251 3127 finem
2289 3030 2541 3102 -urbani
2597 3032 2906 3125 auspicii:
2961 3031 3134 3106 inde
3212 3064 3447 3134 agrum

662 3130 873 3205 illurn
915 3132 1177 3229 effatum
1221 3128 1697 3219 vocitabant,
1749 3127 2035 3207 Gellius
2080 3126 2314 3219 xm,
2377 3152 2524 3223 14:
2582 3128 2817 3204 Varro
2870 3128 2962 3204 de
3008 3131 3229 3235 Ling.
3281 3134 3442 3212 Lat.

664 3231 757 3308 V.
801 3238 1162 3306 Pomerium
1209 3255 1504 3333 quoque
1550 3227 1797 3304 dixere
1826 3284 1847 3318 ,
1895 3228 2102 3330 quod
2144 3253 2349 3329 pone
2391 3252 2637 3304 muros
2690 3254 2861 3332 ager
2896 3236 3081 3304 certis
3111 3236 3282 3307 circa
3328 3260 3447 3310 ter-

662 3338 854 3406 minis
910 3340 1302 3431 inaugurato
1367 3329 1975 3418 consecrabatur3
2026 3331 2103 3405 ξπ·
2155 3336 2224 3402 in
2278 3329 2450 3404 urbis
2503 3335 2882 3404 incremento
2916 3331 3166 3428 semper
3236 3361 3451 3435 quan-

665 3434 805 3505 tiam
855 3438 1086 3507 moenia
1120 3433 1473 3531 proceffiira
1525 3454 1710 3506 erant
1735 3482 1759 3519 ,
1809 3432 2063 3505 tantum
2111 3436 2369 3507 termini
2416 3434 2485 3505 Izi
2529 3432 2865 3529 consecrati
2909 3432 3398 3531 proferebantur
3423 3488 3453 3525 ,

667 3529 970 3621 Livius,
1021 3532 1166 3606 loe.
1220 3532 1344 3607 cit.

767 3633 935 3704 Anti
979 3632 1288 3727 utffimum
1343 3630 1564 3706 Urbis
1602 3637 1962 3727 pomerium
2020 3659 2063 3705 a
2111 3631 2391 3705 Romulo
2460 3630 2822 3728 institutum
2848 3688 2870 3722 ,
2924 3634 3219 3706 Palatini
3265 3663 3451 3710 mon-

673 3735 759 3808 tis
830 3661 1152 3805 raJicibus
1218 3734 1705 3808 terminabatur.
1785 3731 2119 3818 Genius,
2186 3732 2336 3808 loe.
2408 3730 2532 3805 cit.
2605 3730 2831 3806 Mons
2885 3754 3126 3809 autem
3180 3733 3451 3809 Palati-

669 3855 805 3907 nus
856 3831 1202 3935 quadrata
1240 3832 1464 3909 ferme
1512 3830 1611 3908 est
1657 3831 1887 3933 figura
1915 3889 1936 3922 ‚
1979 3834 2180 3931 cujus
2208 3831 2358 3910 duo
2392 3829 2663 3922 latera,
2710 3830 2800 3905 ad
2836 3830 3449 3932 Septemtrionem

674 3937 745 4007 &
772 3933 1255 4010 Occidentem
1279 3931 1586 4010 obversa
1613 3988 1638 4023 ‚
1683 3933 1961 4009 habent
1995 3931 2271 4035 fingula
2315 3955 2516 4030 1300
2552 3932 2775 4031 pedes
2804 3930 3220 4026 Romanos3
3265 3937 3451 4013 latus

675 4031 1168 4109 Meridionale
1239 4034 1527 4112 circiter
1601 4058 1803 4132 ¹400
1919 4033 2157 4123 edes3
2216 4032 2400 4109 latus
2450 4032 2833 4110 Orientale
2889 4034 3175 4112 circiter
3242 4060 3450 4140 1450

670 4131 919 4238 pedeS.
961 4134 1281 4209 Tantula
1322 4135 1516 4211 Urbs
1544 4193 1566 4225 ‚
1620 4133 1805 4211 tanti
1936 4135 2080 4211 turi
2125 4133 2414 4236 imperii
2462 4160 2719 4236 parens
2767 4136 2785 4208 l
3404 4235 3407 4236 7

774 4232 1163 4310 Crescente
1210 4234 1674 4311 multitudine
1701 4292 1723 4328 ,
1770 4260 2059 4314 montes
2107 4235 2573 4337 Capitolinus
2608 4294 2631 4327 ‚
2688 4234 2957 4312 Caelius
3004 4242 3074 4310 &
3126 4235 3447 4308 Aventi-

670 4355 808 4406 nus
851 4332 1161 4411 habitari
1207 4360 1325 4409 coe
1381 4362 1523 4413 ere.
1573 4338 1863 4411 Servius
1917 4336 2255 4428 Tullius,
2304 4336 2723 4413 immensam
2770 4332 3089 4407 Romani
3152 4333 3447 4434 imperii

669 4431 1109 4533 majestatem
1148 4460 1295 4536 prae
1327 4440 1467 4539 aga
1516 4458 1760 4513 mente
1808 4437 2232 4537 complexus
2265 4493 2288 4526 ‚
2343 4440 2529 4511 addit
2573 4438 2725 4509 duos
2793 4436 2981 4507 eolles
3032 4486 3056 4520 ,
3128 4434 3444 4527 Quirina-

671 4535 797 4606 lem
843 4539 1349 4639 Viminalemque
1375 4565 1401 4627 3
1452 4539 1597 4609 inde
1643 4538 1925 4631 deinceps
1970 4562 2163 4634 auget
2223 4539 2545 4634 Esquilias
2576 4564 2606 4607 .·
2656 4534 2863 4630 ibique
2910 4534 3034 4628 ipse
3075 4585 3097 4612 ,
3174 4558 3248 4606 ut
3308 4537 3445 4609 loco

671 4633 960 4731 dignitas
982 4636 1185 4733 fieret
1214 4693 1236 4725 ‚
1290 4640 1564 4709 habitat.
1611 4644 1869 4734 Aggere
1920 4636 1995 4706 ἶς’
2016 4633 2199 4730 foffi's
2251 4636 2326 4706 ξφ
2378 4662 2559 4705 muro
2607 4632 2958 4705 circumdat
3000 4633 3287 4710 Urbem:
3350 4641 3449 4710 ita

662 4740 1024 4827 pomerium
1061 4740 1330 4830 profert.
1381 4732 1629 4807 Livius
1658 4788 1678 4820 ,
1728 4732 1875 4807 loc.
1929 4730 2053 4805 cit.
2157 4799 2164 4804 ἢ

770 4827 924 4905 Hic
961 4830 1185 4907 Urbis
1228 4833 1541 4911 ambitus
1585 4855 1734 4908 tam
1774 4829 2117 4933 religiose
2161 4829 2449 4906 habitus
2494 4828 2593 4906 est
2617 4883 2641 4922 ,
2690 4847 2820 4921 ut,
2865 4829 3042 4916 teste
3084 4832 3454 4939 Dionysio
