4975 6149
1505 452 1673 530 ¹74
1931 419 2031 506 C.
2164 413 3076 503 CORNELII
3199 346 3850 511 TA·CITI

1198 627 1432 673 Ξ
1483 598 1569 674 ὅ(
1601 585 1806 672 odiis
1860 582 2297 700 provinciae
2325 642 2353 685 ,
2396 611 2634 693 quam
2680 576 3010 667 avaritia
3059 582 3144 663 in
3188 577 3495 665 bellum
3525 607 3843 697 egerat,
3897 586 4260 704 trepidus

1200 699 1266 751 A.
1287 702 1346 749 U.
1368 703 1429 752 C·

1245 803 1391 875 814.

1240 912 1291 962 J.
1325 914 1387 964 C.

1258 1004 1363 1063 61.

1483 738 1959 834 procurator
2005 709 2254 793 Catus
2309 712 2392 791 in
2450 705 2808 793 Galliam
2847 708 3175 796 transiit.

1509 881 1513 885 v
1611 837 2082 924 XXXIII.
2149 836 2295 918 Ar
2345 838 2935 921 Sum-omns
2984 832 3184 916 mira
3232 832 3676 920 constantia
3705 837 4018 924 medios
4047 842 4258 925 inter

1485 970 1747 1054 hostes
1812 963 2312 1048 Londinium
2365 972 2387 1008 ¹
2449 966 2850 1077 perrexit,
2911 988 3468 1073 cognomento
3527 963 3854 1074 quidem
3913 963 4257 1050 coloniae

1484 1126 1652 1181 non
1702 1092 2004 1209 insigne
2019 1150 2047 1194 ‚
2097 1088 2235 1173 sed
2282 1086 2519 1203 copia
2565 1092 3167 1201 negotiatorum
3215 1096 3298 1172 ὅ(
3353 1116 3957 1174 commeatuum
4003 1100 4034 1135 ²
4088 1123 4258 1180 ma-

1484 1222 1705 1307 xime
1752 1216 2116 1304 celebre:
2151 1214 2263 1297 ibi
2307 1215 2726 1327 ambiguus
2754 1276 2784 1319 ,
2835 1246 2935 1299 an
2976 1210 3200 1298 illam
3247 1214 3519 1298 sedem
3557 1213 3776 1301 bello
3811 1216 4256 1330 deligeret,

1490 1341 2063 1459 circumspefffi
2108 1338 2643 1452 infrequentia
2700 1339 3021 1445 militis,
3053 1341 3400 1451 satisque
3442 1344 3754 1455 magnis
3810 1343 4258 1430 documen—

1488 1479 1592 1560 tis
1626 1473 2160 1558 temeritatem
2188 1467 2457 1552 Petilii
2519 1474 2959 1554 coercitam
2987 1529 3014 1572 ,
3068 1471 3306 1552 unius
3356 1471 3638 1585 oppidi
3681 1479 3704 1529 3
3766 1469 4062 1556 damno
4111 1472 4258 1556 ser·

1491 1631 1678 1687 vare
1728 1596 2098 1681 universa
2158 1596 2450 1679 statuit.
2489 1598 2783 1708 Neque
2837 1597 3035 1680 fletu
3087 1603 3170 1679 &
3230 1592 3581 1681 lacrimis
3643 1594 4032 1680 auxilium
4089 1595 4259 1707 ejus

1494 1727 1897 1812 orantium
1952 1723 2207 1804 flexus
2259 1721 2367 1804 est
2393 1781 2420 1824 ,
2470 1725 2668 1832 quin
2724 1723 2948 1809 daret
2994 1723 3511 1837 profectionis
3569 1724 3875 1834 lignum
3902 1784 3930 1828 ‚
3981 1732 4063 1810 δε
4110 1756 4254 1809 co·-

1495 1855 1869 1937 mitantes
1907 1851 1990 1931 in
2040 1876 2344 1963 partem
2380 1852 2722 1960 agminis
2764 1852 3194 1964 acciperet.
3232 1853 3320 1935 Si
3369 1879 3572 1961 quos
3600 1848 3948 1934 imbellis
3984 1852 4258 1954 sexus,

1494 2006 1632 2064 aut
1690 1976 1878 2063 fess'a
1918 2001 2144 2078 aetas,
2184 1972 2317 2058 vel
2370 1974 2540 2059 loci
2593 1974 2945 2063 dulcedo
2991 1980 3460 2081 attinuerat,
3503 1975 3600 2061 ab
3643 1979 3866 2060 hoste
3924 1978 4260 2092 oppressi

1496 2108 1704 2192 sunt.
1744 2101 2047 2185 Eadem
2087 2101 2355 2186 clades
2401 2105 2851 2216 municipio
2892 2102 3365 2189 Verulamio
3390 2114 3428 2162 4
3455 2104 3611 2186 fuit
3635 2131 3659 2197 ;
3687 2105 3870 2212 quia
3896 2101 4259 2206 barbari,

1498 2230 1790 2316 omissis
1819 2223 2156 2311 castellis
2184 2224 2704 2338 praesidiisque
2741 2226 3208 2311 militarium
3234 2288 3260 2329 ,
3301 2229 3521 2337 quod
3552 2225 4043 2310 uberrimum
4081 2230 4262 2342 spo-

1496 2356 1761 2458 lianti,
1789 2360 1872 2436 δε
1890 2348 2506 2436 defendentibus
2530 2353 2912 2454 intutum,
2944 2351 3101 2436 laeti
3129 2352 3414 2468 praeda,
3448 2362 3531 2437 ὅ(
3559 2351 3903 2437 aliorum
3932 2354 4256 2467 segnes5

1496 2478 1903 2602 petebant.
1936 2477 2069 2561 Ad
2103 2477 2609 2591 septuaginta
2644 2476 2901 2563 millia
2932 2476 2969 2525 ⁶
3015 2482 3321 2564 civium
3351 2487 3434 2563 δε
3470 2480 3919 2582 sociorum,
3959 2481 4056 2561 iis
4094 2510 4265 2591 qua:

1495 2608 1943 2693 memoravi
2000 2600 2204 2688 locis
2232 2663 2262 2708 ,
2307 2604 2680 2689 cecidiss‘e
2723 2607 3102 2690 constitit.
3150 2609 3444 2717 Neque
3490 2610 3709 2689 enim
3750 2634 4075 2718 capere,
4129 2633 4268 2692 aut

1496 2732 2031 2833 venumdare,
2070 2726 2391 2815 aliudve
2428 2732 2651 2842 quod
2700 2729 2898 2815 belli
2930 2736 3515 2817 commercium
3542 2793 3572 2838 ,
3603 2731 3737 2816 sed
3792 2732 4041 2816 caedes
4067 2792 4094 2835 ,
4122 2765 4264 2848 pa-

1494 2857 1794 2962 tibula,
1832 2859 2057 2969 ignes
2075 2916 2103 2960 ‚
2137 2886 2418 2942 cruces
2445 2915 2476 2961 ,
2529 2883 2935 2969 tamquam
2969 2859 3355 2945 reddituri
3394 2857 3878 2978 supplicium
3904 2917 3932 2961 ‚
3965 2888 4061 2944 ac
4084 2889 4268 2977 prae-

1499 2984 1725 3105 repta
1767 2986 2087 3068 interim
2124 2979 2439 3067 ultione
2462 3044 2493 3090 ,
2538 2984 3035 3071 festinabant.

1628 3112 2082 3200 XXXIV.
2150 3111 2200 3200 J
2214 3137 2344 3194 AM
2387 3114 2788 3197 Suetonio
2845 3114 3438 3225 quartadecima
3485 3109 3710 3226 legio
3765 3141 3957 3199 cum
4005 3110 4267 3198 vexil-

1511 3241 1729 3329 lariis
1775 3239 2274 3322 vicesimanis
2312 3248 2390 3340 ⁷,
2455 3247 2539 3322 ὅ(
2586 3269 2631 3323 e
2702 3244 3087 3355 proximis
3148 3240 3566 3324 auxiliares
3592 3299 3622 3342 ,
3690 3238 3970 3325 decem
4019 3240 4273 3323 ferme

1503 3365 1764 3476 millia
1816 3392 2298 3449 armatorum
2328 3391 2556 3448 erant
2584 3400 2601 3447 t
2633 3371 2819 3450 cum
2863 3370 3242 3452 omittere
3273 3369 3906 3469 cunctationem,
3961 3373 4044 3449 ὅ(
4082 3396 4273 3449 con-

1505 3493 1734 3612 gredi
1763 3494 1935 3576 acie
1967 3514 2229 3607 parat:
2271 3488 2713 3603 deligitque
2755 3489 3033 3579 locum
3076 3495 3299 3578 aretis
3353 3491 3717 3578 faucibus
3748 3554 3775 3597 ,
3819 3501 3904 3580 &
3943 3525 3987 3577 a
4036 3518 4269 3604 tergo

1508 3619 1700 3705 silva
1759 3614 2170 3715 clausum3
2225 3618 2409 3706 satis
2462 3622 2855 3734 cognito,
2908 3617 3113 3706 nihil
3154 3622 3553 3727 hostium,
3605 3619 3747 3706 nisi
3810 3623 3898 3704 in
3945 3620 4270 3727 fronte,

1597 3925 1617 3957 ¹
1665 3917 2103 3995 Loummuu]
2162 3918 2276 3979 ΜΓ.
2315 3920 2467 4000 Reg.
2513 3916 2850 3981 Londinum.
2930 3940 3296 4000 nomenque
3348 3916 3705 3981 immortale
3753 3915 3909 3979 fecit
3949 3914 4049 3978 vir
4108 3916 4274 3980 sum-

1511 3994 1701 4056 Nunc
1753 3992 2039 4069 Londres‚
2079 3998 2300 4059 urbem
2342 3999 2569 4078 opibus
2628 3999 2698 4061 &
2745 3996 2852 4058 in-
2931 4021 3104 4075 mus,
3135 3997 3312 4059 omni
3333 4016 3469 4058 avo
3494 3995 4276 4074 memorandus,Francis-

1512 4071 1713 4158 geniis
1752 4072 2247 4138 celeberrimam.
2928 4099 3035 4140 cus
3084 4080 3322 4138 Bacon.

1590 4159 1617 4190 ²
1660 4152 2138 4215 ΕοΜΜεΑτυυΜ
2174 4158 2204 4231 ]
2254 4151 2534 4214 Navium
2584 4151 2705 4214 huc
2757 4166 2853 4215 at·
3012 4152 3747 4229 5AuoauusecnszId
3776 4151 3856 4218 est
3874 4153 3954 4218 ad
3981 4153 4104 4216 alia
4132 4151 4272 4235 seg·

1512 4248 1637 4315 que
1664 4228 1811 4294 hinc
1839 4231 2354 4296 commeantium.
2389 4231 2491 4293 Sic
2519 4229 2681 4310 apud
2701 4234 2854 4292 Sue—
2930 4252 3061 4295 nes.

1509 4308 1765 4374 tonium
1795 4308 1863 4370 in
1886 4308 2560 4374 Ner.XX.Commeatus
2582 4308 2854 4372 Alexan·
3008 4315 3035 4351 ⁶
3078 4313 3515 4374 Sem-unorum
3557 4313 3840 4387 mum]
3889 4313 4074 4374 Juxta
4106 4309 4273 4372 Dio·-

1519 4387 1852 4453 drinorum
1877 4403 2287 4454 memoratur.
2931 4411 3078 4453 nem
3108 4391 3307 4452 LXll.
3355 4408 3492 4486 pag.
3531 4409 3676 4469 700.
3709 4389 3954 4471 μυριάδες
3999 4388 4127 4450 amb
4177 4396 4272 4448 vim

1594 4478 1615 4521 ³
1662 4472 1857 4531 UNIUS
1876 4472 2136 4546 01⁵?1D1]
2172 4465 2507 4531 Londinli.
2561 4473 2575 4482 ’
2929 4498 2983 4532 τι
3007 4468 3256 4548 Ῥωμαίων
3290 4496 3377 4543 m
3419 4475 3513 4529 τῖον
3542 4497 3647 4545 πμ
3704 4470 3829 4546 ’χον
3860 4475 4017 4528 εὖτ-ὂν
4051 4466 4271 4543 3063„-

1589 4555 1623 4595 4
1662 4550 2110 4625 νειωιΛωο]
2145 4550 2326 4610 Loco
2371 4546 2572 4611 adhuc
2614 4564 2855 4608 nomen
2931 4578 3059 4623 aar,
3105 4546 3375 4640 oflqginta
3404 4545 3581 4607 millia
3617 4498 3982 4607 lignanorum
4011 4543 4071 4603 ὓ·
4092 4544 4272 4623 chio-

1516 4623 1818 4700 Verulam,
1898 4647 2050 4706 rope
2113 4625 2415 4717 oppidum
2457 4623 2530 4685 S.
2590 4622 2853 4698 Albans,
2933 4648 3053 4688 rum
3086 4647 3317 4704 pertere.

1516 4700 1585 4760 in
1619 4701 1839 4776 Hertfor
1907 4704 2042 4768 hire.
2084 4704 2473 4785 1b1p1urima
2501 4701 2706 4766 adhuc
2749 4703 2853 4764 vi·
3010 4719 3039 4757 7
3106 4709 3262 4769 Cum
3319 4723 3735 4766 vnxrrunns
3794 4701 4269 4777 vrcnsmams]

1512 4776 1730 4862 funtur
1802 4783 2189 4863 antiquitatis
2252 4786 2554 4848 Romanae
2631 4802 2859 4845 monu·
2935 4787 3096 4850 Cum
3123 4782 3464 4847 vexillariis
3499 4780 3801 4843 vicefimae
3834 4778 4122 4858 legionis.
4172 4781 4272 4842 De

1516 4873 1770 4930 menta,
1813 4857 2109 4919 Camden's
2141 4861 2584 4953 micanum-by
2618 4860 2854 4940 Gihfhn,
2933 4862 3277 4928 vexillariis
3334 4861 3563 4921 dietum
3619 4858 3755 4919 satis
3814 4856 3881 4918 in
3937 4857 4124 4920 Notis
4200 4859 4271 4924 δε

1516 4932 1644 5008 ΦΟῙο
1672 4940 1792 5011 296
1822 4936 2051 5019 ἅδος·
2077 4941 2160 5005 At
2193 4940 2326 5021 plus
2358 4942 2574 5025 glorrae
2600 4940 2811 5008 attulit
2836 4984 2856 5017 ,
2931 4939 3497 5007 Emendationibus
3538 4937 3616 5000 ad
3651 4938 3875 5001 Annal.
3921 4939 3989 5015 1,
4056 4940 4156 5014 38.
4241 4973 4246 4977 -

4327 1754 4430 1811 10

4337 2373 4433 2454 ¹5

4324 3018 4437 3077 20

4329 3643 4448 3725 25
