4975 6149
1530 432 1692 510 168
2028 421 2129 507 C.
2247 407 3084 508 CORNELII
3191 415 3769 511 TACITI

1223 602 1461 659 Ε
1505 585 1681 673 telo
1735 608 2093 701 repertus
2119 643 2149 689 ,
2214 585 2581 669 ordinem
2653 580 3110 667 infidiarum
3132 640 3164 689 ‚
3226 582 3469 695 seque
3525 587 3990 694 aucloremJ
4033 576 4121 675 'ec'
4169 580 4299 678 so*

1226 689 1434 749 Aac

1260 781 1410 853 813.

1273 891 1322 942 J.
1357 892 1422 944 C.

1292 984 1402 1049 60.

1438 723 1454 741 ‘
1508 718 1683 800 cios
1714 742 1853 827 per
1877 737 2282 797 tormenta
2306 706 2605 793 edidit:
2632 711 3144 822 convictique
3171 716 3260 794 ὃ(
3300 713 3565 824 puniti
3595 713 3818 819 sunt,
3849 718 3989 826 qui
4022 716 4298 832 specie

1508 841 1878 925 amicitiae
1915 834 2199 926 dolum
2235 833 2644 951 parabant.
2676 838 2868 921 Nec
2914 834 3183 922 multo
3221 837 3398 952 post
3419 834 3670 949 legati
3703 839 4297 951 Tigranocerta

1506 965 1706 1051 missi
1743 1024 1773 1070 ,
1845 997 1893 1041 c<
1943 964 2217 1080 patere
2271 964 2577 1049 moenia
2607 995 2654 1041 n
2727 962 3129 1066 afferunt,
3203 963 3650 1050 «intentos
3715 963 4140 1082 populares
4191 969 4297 1054 ad

1504 1127 1555 1171 ω
1573 1091 1765 1200 juffa
1808 1126 1851 1168 »
1894 1120 1919 1188 3
1975 1087 2205 1173 fimul
2250 1084 2653 1202 hospitale
2699 1087 3006 1171 donum
3041 1099 3065 1135 ¹
3093 1146 3126 1192 ‚
3172 1117 3566 1174 coronam
3618 1119 3939 1176 auream
3961 1150 3991 1196 ,
4022 1093 4291 1179 trade-

1506 1217 1728 1305 bant.
1757 1217 2267 1332 Accepitque
2308 1243 2497 1299 cum
2528 1214 2888 1318 honore,
2921 1242 3075 1298 nec
3112 1213 3548 1325 quidquam
3584 1213 3766 1333 urbi
3806 1217 4290 1331 deti-atium,

1506 1349 1670 1456 quo
1725 1345 2174 1458 promptius
2214 1337 2700 1449 'obsequium
2745 1341 3044 1454 integri
3081 1341 3546 1427 retinerent.
3921 1352 3927 1359 ”
3995 1412 3998 1413 f
4277 1333 4290 1340 ⁴

1608 1457 1932 1555 XXV.
1976 1471 2126 1551 AT
2170 1490 2215 1548 Ρ
2235 1491 2287 1549 R
2306 1490 2373 1548 ΛΕ
2393 1490 2666 1548 smm
2686 1491 2750 1550 Μ
2780 1470 3137 1578 regium,
3163 1467 3384 1579 quod
3407 1467 3640 1553 ferox
3667 1464 4046 1576 juventus
4074 1468 4287 1558 clau-

4367 1106 4372 1117 ’
4409 1125 4468 1213 5,

1396 1699 1401 1704 .
1502 1587 1712 1680 serat
1735 1653 1765 1697 ,
1807 1624 1977 1679 non
2031 1593 2199 1677 fine
2252 1593 2693 1678 certamine
2756 1617 3310 1707 expugnatum
3339 1596 3496 1678 est:
3529 1625 3716 1679 nam
3770 1604 3854 1680 ὃς
3903 1594 4285 1712 proelium
4397 1604 4401 1608 ’

1506 1750 1656 1835 pro
1708 1723 1955 1837 muris
2005 1720 2162 1803 aust
2207 1747 2434 1803 erant
2456 1775 2486 1821 ,
2538 1725 2624 1802 δε
2669 1716 2870 1831 pulsi
2913 1720 3122 1802 intra
3159 1722 3663 1805 munimenta
3712 1724 4023 1838 aggeris
4062 1781 4090 1826 ,
4143 1722 4285 1807 de-

1506 1875 1732 1928 mum
1787 1846 2542 1959 &inrumpentium
2594 1844 2829 1929 armis
2874 1842 3168 1929 cessere
3199 1879 3217 1928 :
3248 1874 3418 1956 quae
3479 1843 3794 1932 facilins
3850 1851 4282 1962 provenie-

4352 1760 4467 1819 10

1504 1969 1744 2075 bant,
1788 1972 1973 2083 quia
2028 1973 2300 2055 Parthi
2354 1973 2747 2081 Hyrcano
2808 1966 3031 2054 bello
3077 1969 3679 2056 distinebantur.
3725 1974 4284 2088 Miserantque
4401 2040 4408 2047 .

1506 2098 1874 2207 Hyrcani
1917 2097 2022 2180 -ad
2061 2098 2522 2209 Principem
2571 2097 3143 2198 Romanum&
3189 2097 3664 2208 societatem
3701 2123 4060 2201 oratum,
4105 2133 4151 2175 «
4178 2125 4287 2185 at-

1506 2224 1811 2305 »tineri
1852 2250 1898 2302 a
1949 2220 2027 2303 se
2065 2216 2604 2330 Vologesen³
2655 2249 2802 2333 pro
2844 2222 3184 2331 pignore
3237 2223 3606 2303 amicitiae
3633 2254 3678 2297 >2
3753 2225 4280 2313 ostentantem

1507 2376 1649 2431 eos
1688 2343 2228 2459 regredientes
2272 2354 2313 2405 4
2366 2340 2779 2446 Corbulo,
2832 2370 2936 2424 ne
2996 2340 3468 2458 Euphraten
3522 2346 3968 2460 transgreffi
3994 2406 4022 2451 ,
4086 2347 4279 2431 hos·

1507 2474 1715 2555 tium
1751 2481 1779 2537 5
1840 2471 2213 2556 custodiis
2261 2464 3040 2555 circumvenirentur
3064 2527 3092 2572 ,
3158 2469 3349 2553 dato
3395 2471 3749 2584 praefidio
3796 2529 3823 2575 ‚
3884 2471 3986 2561 ad
4041 2470 4285 2560 litora

1506 2600 1745 2682 maris
1774 2594 2037 2682 Rubri
2065 2593 2100 2644 ⁶
2131 2596 2471 2681 deduxit>
2504 2628 2522 2679 ε
2557 2594 2774 2682 unde
2809 2595 3078 2683 vitatis
3093 2596 3573 2699 Parthorum
3617 2595 3961 2705 finibus,
3991 2600 4284 2718 patrias

1508 2725 1598 2806 in
1647 2722 1868 2807 sedes
1907 2752 2389 2809 remeavere.
3269 2760 3276 2765 ·
4119 2746 4124 2751 “

1635 2849 1991 2935 XXVI.
2061 2853 2222 2963 Qu
2241 2877 2336 2934 ιΝ
2366 2860 2450 2935 ὅ(
2477 2847 2900 2936 Tiridaten
2917 2861 2993 2955 ⁷,
3020 2880 3162 2966 per
3176 2848 3474 2936 Medos
3500 2874 3856 2938 extrema
3879 2840 4279 2939 'Armeniae

1507 2976 1983 3080 intrantem,
2016 2977 2403 3092 praemiffo
2443 3007 2634 3062 cum
2670 2972 2988 3062 auxiliis
3014 2974 3431 3063 Verulano
3471 2976 3791 3092 legato,
3831 3005 4069 3091 atque
4110 2979 4277 3096 ipse

1509 3099 1967 3213 legionibus
2000 3105 2182 3186 citis
2211 3161 2241 3207 ,
2271 3102 2486 3189 abire
2519 3101 2856 3219 procul,
2890 3134 2985 3187 ac
3015 3103 3237 3219 spem
3276 3091 3478 3188 belli
3505 3106 3873 3190 amittere
3907 3104 4276 3219 subegit:

4353 2383 4470 2479 ἔς·

1509 3226 1875 3338 quosque
1925 3227 2160 3313 nobis
2188 3286 2216 3331 ,
2260 3227 2367 3314 ob
2413 3259 2740 3342 regem,
2793 3229 3113 3315 aversos
3165 3231 3451 3315 animis
3523 3257 4072 3343 cognoverat,
4127 3262 4278 3317 cae-
4369 3283 4378 3288 -

1505 3350 1737 3438 dibus
1770 3361 1853 3438 ὃ(
1897 3354 2291 3439 incendiis
2334 3349 2909 3471 perpopulatus
2939 3414 2966 3460 ‚
3008 3355 3555 3470 possessionem
3610 3358 4008 3441 Armeniae
4048 3357 4286 3452 usur-1

1505 3475 1749 3598 pabat
1796 3473 1827 3526 ⁸
1877 3511 1895 3562 ε
1947 3485 2136 3567 cum
2180 3480 2513 3582 advenit
2546 3483 2940 3610 Tigranes
2968 3538 2998 3591 ,
3050 3513 3098 3584 3,,
3160 3484 3501 3578 Nerone
3555 3481 3656 3574 ad
3717 3481 4281 3600 capessendum

2922 3751 2982 3816 la
3020 3772 3134 3816 mer
3171 3750 3270 3813 des
3310 3750 3480 3815 Index
3500 3794 3522 3828 ,
3551 3748 3802 3818 deduffl
3823 3796 3844 3824 ,
3897 3763 3969 3811 ut
3999 3745 4112 3812 lon
4154 3745 4281 3812 iffi*

2922 3853 3035 3897 mo
3079 3832 3341 3915 quidem
3392 3831 3624 3896 itinere
3658 3876 3679 3903 ,
3741 3828 3848 3890 sed
3888 3841 4066 3889 certo
4169 3846 4280 3903 yr-

2896 3909 3172 3976 ’caniam
3210 3923 3581 3994 repeterent.
3615 3910 3784 3981 Quas
3814 3905 4109 3993 vero-per
4130 3923 4278 3983 pro-

2925 3988 3164 4053 vincias
3182 3989 3301 4050 iter
3322 3982 3590 4050 fecerint
3608 3981 3824 4044 frustra
3856 3980 4278 4046 drvmaretur.

2925 4067 3325 4134 Vide‘Notas
3353 4064 3423 4127 &
3468 4059 3966 4123 Emendationes
4008 4060 4090 4123 ad
4133 4062 4277 4128 An··.

2924 4143 3051 4273 ani·
3069 4145 3492 4297 Ίξιιιὲιῖᾼζέἷι]
3527 4214 3841 4281 Armeniae
3860 4234 4074 4297 regem
4090 4263 4110 4292 ,
4137 4217 4271 4280 Voae·

2924 4296 3145 4379 logefis
3204 4295 3575 4361 Parthorum
3645 4295 3805 4376 regis
3859 4294 4149 4372 fratrem,
4192 4296 4274 4361 de

2970 4396 3054 4441 uo
3073 4375 3262 4453 ,supra
3299 4375 3528 4438 Annal.
3574 4376 3741 4448 XII,
3793 4391 3894 4455 51.
3946 4375 4129 4446 XIII,
4187 4390 4271 4451 37

2974 4532 2987 4545 ·
3015 4477 3086 4534 41
3102 4500 3119 4517 .
3156 4452 3321 4518 Vide
3343 4453 3413 4519 δε
3437 4456 3771 4517 Canonem
3793 4471 4010 4542 regum
4044 4452 4271 4512 Anne-

1590 3758 1625 3832 ⁸,
1658 3747 2024 3812 Hosrxuu
2048 3753 2330 3832 nonum]
2364 3752 2463 3819 Sic
2492 3771 2602 3820 rex
2628 3752 2848 3819 Naba-

1510 3841 1773 3889 toeorum
1792 3847 2058 3915 coronas
2077 3850 2289 3896 aureas
2309 3853 2543 3914 magno
2566 3834 2848 3914 pondere

1510 3904 1910 3995 Germamco·
1932 3907 2003 3972 ὃ(
2034 3909 2391 4001 Agrippinae
2413 3955 2432 3984 ,
2474 3913 2643 3975 leves
2670 3911 2848 3975 Piso·-

1508 4000 1579 4043 m
1619 3982 1690 4047 ὃ(
1721 3999 1943 4047 cerens
1981 3987 2255 4064 obtuht,
2283 3989 2511 4052 Annal.
2545 3992 2648 4067 11,
2685 4009 2785 4071 57.

1586 4068 1615 4100 ²
1653 4062 2009 4125 Parncmzu
2062 4065 2448 4144 Romnum]
2498 4068 2845 4131 Neronem.

1589 4146 1612 4190 ³
1656 4141 1970 4203 Arrmnxr
2016 4165 2052 4203 A
2087 4162 2155 4205 sn
2198 4148 2636 4234 Vozocnsnn]
2673 4144 2848 4207 Volo-

1501 4214 1978 4366 ffeftnstefefflm
1996 4219 2059 4277 H
2086 4220 2299 4280 rcam‘oe
2313 4221 2544 4282 attineri
2576 4221 2846 4286 vidimus

1538 4298 2200 4456 ⁰¹2¹issz¹22¹;.„32{3
2222 4319 2463 4466 ἴω.

1590 4463 1611 4508 5
1658 4454 1958 4518 Hos‘rwu
2055 4457 2540 4539 Armemorum‚
2582 4453 2654 4520 δε
2708 4455 2849 4519 Par-

1508 4527 1765 4595 thorum
1801 4533 1968 4596 custo
2021 4532 2113 4597 ‘is.

1586 4610 1616 4648 ⁶
1656 4612 1756 4671 An
1799 4632 2039 4676 ιιτοιιΑ
2098 4631 2295 4677 naurs
2348 4613 2611 4688 numu]
2659 4614 2848 4674 Certe
2924 4611 3158 4675 Annal.
3204 4612 3303 4682 11,
3350 4630 3404 4687 3.

1506 4685 1761 4775 brevius
1802 4688 2427 4771 compendiofiusque
2462 4682 2590 4753 i'ter*
2614 4710 2693 4753 ex
2733 4694 2850 4751 Ar·

1510 4763 1721 4848 menna
1749 4763 1818 4824 in
1835 4768 2212 4845 Hyrcaniam
2235 4790 2341 4849 per
2372 4769 2686 4831 Albanum
2710 4767 2851 4831 Cas-

1511 4856 1768 4927 pmmve
1791 4861 1978 4906 mare.
2001 4847 2195 4909 Forte
2218 4864 2430 4911 tamen
2458 4867 2594 4910 non
2619 4845 2846 4923 tutius;

1506 4914 1788 5002 :deoque
1826 4919 1909 4984 ad
1963 4921 2152 4989 litora
2189 4925 2376 4992 maris
2421 4924 2635 5008 rubri,
2675 4943 2847 4994 nunc

3006 4690 3031 4730 ⁸
3074 4693 3542 4752 Possessrounu
3612 4688 3928 4748 Annum
3980 4701 4269 4744 usuam·-

2927 4789 3045 4832 ΒΑτ
3073 4769 3105 4844 ]
3133 4764 3383 4843 Quanta
3426 4761 3642 4826 letitia
3677 4765 3890 4826 Romae
3928 4757 4122 4824 fuerit
4159 4779 4267 4823 au-

2926 4845 3055 4910 dita
3097 4845 3226 4906 haec
3271 4843 3465 4904 altera
3517 4838 3909 4903 Corbulonis
3957 4838 4266 4914 vietor-ia,

2923 4924 3449 4993 docet.nummus
3502 4938 3585 4986 ex
3639 4938 3758 4985 aere
3804 4916 4075 5024 minimo
4109 4917 4273 5023 plim

3844 5032 4274 5123 Imperium

2925 4553 3044 4595 mae
3084 4532 3153 4594 in
3195 4530 3388 4595 Notis
3448 4533 3522 4599 δι
3573 4526 4136 4595 Emendanonibus
4186 4526 4270 4589 ad
4349 4619 4352 4622 Δ
