4975 6149
934 391 1582 485 ANNALIUM
1642 363 1991 482 LIBER
2053 390 2576 482 DECIMUS
2643 322 3223 512 QUINTUS.
3300 358 3487 504 24'1·

680 556 1136 651 »Natalem
1158 556 1416 645 multa
1439 587 1629 669 cum
1654 558 2012 644 Scevino
2041 615 2078 665 2.⁸
2100 588 2198 649 ac
2235 558 2545 644 secreta
2585 557 3095 647 collocutum
3132 618 3163 665 ‚
3200 566 3284 643 ὃ(
3313 558 3469 644 effe
3516 589 3749 637 ἒ

555 792 560 801 θ
680 691 1131 800 »utrosque
1158 688 1259 771 C.
1283 687 1595 773 Pisonis
1635 688 1967 771 intimos
1995 720 2042 762 »
2063 748 2085 769 .

3507 670 3574 722 A,
3594 672 3658 722 U.
3678 671 3754 720 C.

3551 760 3703 822 818.

619 832 654 861 ·
807 818 1050 906 LVI.
1115 814 1397 900 ERGO
1474 815 1786 899 accitur
1838 809 2220 899 Natalis:
2293 820 2379 899 ὃ(
2447 809 2734 898 diverfi
2798 816 3398 928 interrogantur
3434 872 3464 919 ,
3551 876 3597 925 J
3635 876 3698 926 ε,

682 971 749 1024 nt
782 946 1147 1058 quisnam
1186 945 1253 1027 is
1312 943 1575 1026 sermo
1598 1002 1625 1045 ,
1670 935 1826 1052 qua
1877 942 1977 1026 de
2027 968 2115 1022 re
2154 940 2421 1024 fuiss‘et
2461 975 2505 1017 ³>
2556 946 2584 1024 ἓ
2643 946 2827 1027 cum
2872 970 3153 1028 exorta
3211 943 3466 1058 suspi-
3571 968 3680 1043 65.

582 1105 629 1187 5
692 1075 879 1178 cio,
933 1075 1121 1185 quia
1172 1100 1368 1155 non
1402 1070 1940 1180 congruentia
1998 1066 2618 1180 responderant:
2657 1068 3094 1179 inditaque
3166 1067 3468 1155 vincla.

685 1198 794 1285 Et
841 1221 1437 1285 tormentorum
1477 1196 1881 1341 aspeEIum
1939 1226 2034 1281 ac
2070 1197 2324 1281 minas
2378 1225 2545 1280 non
2588 1194 2874 1281 tulere.
2929 1198 3158 1281 Prior
3194 1222 3471 1281 tamen

684 1325 1063 1430 Natalis,
1125 1326 1377 1409 totius
1449 1317 2035 1429 conjurationis
2076 1326 2332 1435 magis
2388 1353 2679 1434 gnarus
2703 1382 2732 1427 ,
2775 1320 3009 1405 fimul
3088 1323 3478 1435 arguendi

693 1455 1079 1569 peritior,
1130 1451 1232 1535 de
1263 1449 1557 1536 Pisone
1602 1450 1948 1563 primum
1992 1450 2315 1537 fatetur.
2354 1449 2681 1535 Deinde
2738 1447 3022 1556 adjicit
3071 1452 3474 1534 Annaeum

690 1582 1085 1664 Senecam
1112 1638 1140 1722 ³.
1190 1578 1350 1661 five
1396 1577 1939 1660 internuntius
1983 1578 2192 1662 inter
2234 1605 2421 1660 eum
2455 1576 2993 1687 Pisonemque
3058 1577 3212 1659 fuit
3237 1636 3265 1680 ,
3313 1577 3478 1660 five

543 1739 642 1794 10
692 1731 783 1789 ut
822 1706 1185 1789 Neronis
1225 1705 1584 1816 ,gratiam
1624 1727 1939 1818 pararet
1966 1763 1995 1806 ,
2030 1706 2168 1814 qui
2214 1701 2569 1787 infensus
2613 1707 3000 1808 Senecae,
3045 1732 3326 1788 omnes
3370 1701 3473 1787 ad

694 1862 882 1917 eum
936 1831 1564 1947 opprimendum
1607 1855 1813 1916 artes
1869 1827 2422 1941 conquirebat.
2475 1831 2740 1938 Tum,
2781 1832 3121 1942 cognito
3154 1828 3479 1915 Natalis

691 1959 1070 2061 indicio,
1121 1959 1516 2042 Scevinus
1574 1987 1894 2070 quoque
1927 1959 2110 2072 pari
2157 1945 2774 2060 imbecillitate,
2827 1988 2929 2040 an
2981 1953 3339 2045 cunc-tta
3312 1987 3479 2065 jam

699 2084 1089 2201 patefafita
1142 2084 1521 2188 credens,
1574 2114 1731 2168 nec
1793 2068 2055 2168 ullum
2128 2080 2418 2168 silentii
2473 2083 3170 2187 emolumentum,
3217 2083 3474 2168 edidit

700 2238 1058 2296 ceteros:
1110 2239 1213 2295 ex
1258 2209 1544 2322 quibus
1577 2212 1961 2296 Lucanus
1989 2226 2018 2314 ,’
2061 2211 2716 2322 Quintianusque
2740 2269 2770 2314 ‚
2821 2217 2907 2293 ὅ(
2947 2145 3298 2299 Senecio
3338 2210 3482 2295 diu

548 2359 641 2441 15
701 2336 1072 2422 abnuere.
1120 2339 1305 2423 Post
1331 2398 1358 2440 ,
1403 2335 1792 2452 promissa
1832 2340 2313 2452 impunitate
2357 2340 2771 2450 corrupti,
2816 2341 2977 2446 quo
3016 2336 3476 2420 tarditatem

699 2465 1172 2556 excusarent
1198 2526 1226 2570 ,
1272 2466 1655 2550 Lucanus
1695 2463 2048 2550 Aciliam
2090 2492 2427 2549 matrem
2474 2463 2697 2547 suam
2723 2522 2751 2566 ,
2781 2463 3276 2573 Quintianus
3306 2459 3487 2544 Gli-

698 2595 919 2676 cium
956 2589 1346 2695 Gallum,
1395 2593 1751 2677 Senecio
1805 2593 2173 2679 Annium
2220 2587 2733 2695 Pollionem,
2779 2591 3227 2679 amicorum
3287 2618 3483 2702 prae-

700 2721 1042 2833 cipuos,
1093 2721 1643 2805 nominavere.

825 2843 1119 2930 LVII.
1185 2846 1555 2943 ATQUE
1606 2846 1933 2929 interim
1978 2852 2264 2952 Nero,
2295 2847 2764 2934 recordatus
2791 2801 3105 2932 Volusii
3145 2841 3480 2928 Proculi

528 2990 649 3043 20
699 2967 1009 3053 indicio
1054 2967 1570 3083 Epicharin¹
1623 2972 1998 3078 attineri,
2050 2975 2421 3087 ratusque
2462 2971 2855 3059 muliebre
2886 2999 3179 3086 corpus
3216 2972 3476 3085 impar

701 3090 1022 3199 dolori,
1065 3129 1112 3171 t<
1143 3098 1572 3181 tormentis
1621 3097 2109 3185 dilacerari»
2151 3099 2403 3210 jubet.
2439 3104 2556 3187 At
2598 3099 2825 3187 illam
2874 3129 3044 3184 non
3088 3094 3422 3184 verbera
3445 3117 3484 3199 ,⁴

699 3250 870 3308 non
906 3223 1131 3333 ignes
1155 3281 1185 3326 ‚
1220 3254 1393 3311 non
1438 3226 1556 3311 ira
1588 3228 1693 3309 eo
1743 3228 1999 3311 acrius
2049 3233 2605 3340 torquentium
2630 3288 2660 3335 ,
2693 3258 2793 3314 ne
2833 3258 2877 3313 a
2927 3217 3228 3309 femina
3267 3221 3478 3335 sper-

698 3373 1078 3437 nerentur
1098 3408 1127 3451 ,
1160 3352 1572 3466 pervicere
1602 3409 1632 3456 ,
1673 3356 1869 3465 quin
1906 3350 2218 3461 objeaa
2250 3357 2712 3470 denegaret.
2739 3357 2876 3443 Sic
2904 3354 3203 3468 primus
3242 3347 3495 3459 quaess.

697 3474 941 3558 tionis
1007 3473 1177 3561 dies
1239 3504 1783 3594 contemptus.
1851 3481 2178 3569 Postero
2249 3489 2437 3570 cum
2495 3484 2595 3569 ad
2661 3482 2988 3569 eosdem
3069 3477 3472 3564 cruciatus

537 3623 644 3706 25
701 3604 1232 3685 retraheretur
1279 3607 1712 3714 gestamine
1751 3604 1958 3689 sellae
1999 3615 2237 3712 (nam
2289 3608 2683 3695 dissolutis
2724 3603 3099 3692 membris
3133 3602 3495 3685 insistere-

700 3724 1135 3838 nequibat)
1181 3725 1462 3811 vinclo
1511 3729 1768 3812 fasciae
1795 3789 1823 3833 ,
1863 3761 2104 3841 quam
2141 3736 2445 3848 peClori
2481 3734 2985 3837 detraxerat,
3016 3734 3101 3813 in
3141 3729 3478 3814 modurn
3595 3826 3610 3850 .

703 3851 973 3963 laquei
1009 3853 1109 3939 ad
1137 3885 1413 3940 arcum
1455 3851 1665 3937 sellae
1705 3857 2052 3941 τείὶιίὃὶο
2085 3915 2113 3960 ,
2151 3859 2445 3943 indidit
2492 3862 2950 3963 cervicem,
2992 3867 3076 3944 &c
3109 3857 3476 3971 corporis
3565 3913 3569 3918 ·

702 3978 1061 4096 pondere
1125 3982 1459 4067 connisa
1488 4040 1517 4085 ,
1571 4007 1905 4070 tenuem
1965 3979 2128 4092 jam
2194 3986 2560 4101 spiritum
2637 3986 3050 4104 expreffit·
3131 3982 3476 4076 clariore

707 4103 1084 4217 exemplo
1131 4104 1504 4193 libertina
1560 4107 1908 4215 mulier,
1964 4113 2049 4197 in
2104 4110 2327 4204 tanta
2383 4113 2841 4207 necestitate
2868 4173 2896 4217 ‚
2957 4108 3267 4195 alienos
3293 4165 3321 4211 ,
3381 4137 3482 4191 ac

537 4251 657 4339 ‘30
707 4229 1018 4346 prope
996 4259 1323 4340 ignotos
1367 4236 1926 4347 protegendo,
1968 4269 2156 4323 cum
2194 4243 2586 4354 ingenui,
2634 4249 2718 4326 ὅ(
2760 4240 2968 4339 viri,
3020 4243 3106 4320 &
3172 4233 3484 4341 equites

708 4357 1127 4458 Romani,
1188 4357 1799 4468 senatoresque,
1859 4367 2134 4450 intaffl
2181 4369 2609 4464 tormentis
2639 4425 2667 4469 ,
2725 4296 3106 4448 carissima
3154 4358 3483 4440 suorum

712 4483 1044 4600 quisque
1081 4483 1515 4598 pignorum
1556 4483 2014 4596 proderent.
2063 4494 2153 4574 N
2159 4522 2268 4574 on
2319 4497 2540 4576 enim
2584 4484 3066 4575 omittebant
3097 4485 3486 4566 Lucanus

712 4636 1088 4737 quoque,
1138 4616 1222 4693 ὃ(
1277 4609 1681 4713 Senecio,
1746 4617 1828 4693 &
1878 4616 2374 4727 Quintianus
2429 4614 2704 4734 passim
2740 4608 3120 4697 conscios
3182 4606 3487 4726 ederej

799 4910 819 4950 ⁸
863 4901 1269 4988 Emamu]
1291 4902 1388 4966 De
1418 4903 1543 4986 qui
1570 4902 1805 4982 dietum
1844 4902 1929 4978 est
1961 4898 2140 4992 supra
2166 4917 2300 4983 cap.
2330 4914 2433 4981 51.
3064 4992 3075 5002 ἡ

971 5012 1050 5092 T
1041 5042 1186 5094 om.
1250 5014 1365 5103 II.
2898 4999 2988 5090 H
3012 5003 3077 5089 h
