4975 6149
910 394 1566 490 ANNALIUM
1627 393 1978 488 LIBER
2042 396 2559 494 DECIMUS
2623 405 3142 498 TERTIUS.
3290 443 3318 496 1
3353 442 3382 497 1
3405 443 3461 519 7

656 560 919 657 »duas
984 564 1300 681 species
1346 572 1369 609 ¹
1439 564 1836 650 institutas
1864 624 1893 672 ‚
1941 592 2034 650 ut
2090 561 2678 679 relinqueretur
2723 576 3204 687 paenitentiae
3226 634 3257 681 ,
3315 604 3456 664 aut

650 727 948 783 »novo
964 692 1377 778 beneficio
1402 687 1664 776 locus.
1685 696 1922 806 Quos
1954 691 2304 777 vindicta
2330 722 2716 810 patronus
2749 732 2917 784 non
2947 699 3451 812 liberaverit,
3502 698 3734 753 ΛΑΝ·

646 822 954 910 »velut
994 814 1340 905 vinculo
1380 817 1786 905 servitutis
1836 821 2186 905 attineri.
2233 821 2700 937 Dispiceret
2751 828 3082 938 quisque
3120 836 3448 940 merita,
3531 791 3694 955 5⁰3⁹

651 951 1108 1061 »tardeque
1168 944 1705 1051 concederet,
1760 948 1979 1059 quod
2032 946 2311 1032 datum
2355 980 2526 1034 non
2589 951 3192 1043 adimeretur».
3241 962 3448 1047 Haec
3564 991 3673 1067 56.

547 1106 599 1197 ς
654 1078 1054 1165 sententia
1100 1071 1384 1159 valuit.
1412 1075 1900 1190 Scripfitque
1934 1073 2193 1159 Caesar
2234 1076 2584 1181 senatui,
2645 1112 2690 1155 «
2715 1082 3096 1194 privatim
3145 1114 3450 1202 expen-

649 1208 1007 1292 »derent
1040 1200 1361 1289 causam
1394 1197 1874 1286 libertorum
1898 1261 1927 1306 ,
1981 1203 2356 1314 quotiens
2394 1235 2439 1289 a
2474 1209 2834 1320 patronis
2873 1236 3445 1322 arguerentur:

652 1337 815 1416 »in
872 1357 1308 1418 commune
1360 1324 1570 1411 nihil
1629 1328 2114 1441 derogarent
2143 1364 2230 1412 ».
2279 1332 2469 1415 Nec
2526 1330 2790 1417 multo
2842 1337 3071 1451 post,
3125 1364 3451 1456 ereptus

656 1461 925 1546 amitae
984 1454 1316 1540 libertus
1359 1462 1390 1497 ²
1468 1455 1683 1540 Paris
1725 1515 1755 1561 ,
1822 1456 2034 1567 quasi
2082 1453 2257 1563 jure
2324 1456 2603 1556 civili3
2669 1490 2840 1543 non
2892 1462 3056 1547 fine
3112 1462 3448 1550 infamia

650 1586 1052 1701 Principis
1087 1641 1120 1690 ,
1200 1576 1431 1691 cujus
1487 1576 1695 1688 juss‘u
1755 1609 2302 1699 perpetratum
2363 1586 2887 1697 ingenuitatis
2949 1587 3348 1697 judicium
3409 1602 3438 1652 ³

492 1729 601 1817 βο
650 1739 848 1799 erat.
1872 1782 1876 1785 ,
2478 1757 2481 1759 -

779 1836 1249 1926 XXVIII.
1313 1837 1556 1921 MAN
1577 1862 1821 1921 ΕΒΑΤ
1879 1836 2418 1924 nihilominus
2446 1839 2806 1953 quaedam
2853 1843 3126 1957 imago
3172 1848 3441 1964 reipu-·

653 1964 924 2054 blicae.
983 1969 1200 2052 Nam
1269 1965 1482 2047 inter
1508 1962 1970 2050 Vibullium
2039 1993 2467 2081 praetorem
2529 1974 2614 2051 &
2682 1963 2952 2082 plebei
3022 1970 3439 2061 tribunum

657 2096 1096 2179 Antistium
1134 2117 1401 2177 ortum
1455 2118 1937 2194 certamen,
2009 2092 2230 2202 quod
2287 2091 2802 2177 immodestos
2866 2095 3219 2183 fautores
3269 2102 3440 2184 his-

651 2223 1067 2332 trionum,
1099 2229 1184 2304 &
1233 2249 1280 2303 a
1307 2245 1643 2335 praetore
1680 2220 1768 2308 in
1799 2216 2133 2306 vincula
2181 2217 2459 2305 ductos
2489 2280 2520 2327 ,
2569 2216 2939 2307 tribunus
2995 2255 3043 2302 a
3073 2227 3423 2312 omitti»

655 2564 926 2710 goffent.
966 2565 1067 2635 De
1095 2566 1192 2634 his
1229 2568 1525 2635 omnibus
1573 2568 1644 2635 &
1679 2571 1817 2638 aliis
1864 2591 2001 2651 quae

684 2647 990 2712 'bertinos
1021 2650 1330 2732 spectant,
1364 2650 1514 2715 vide
1557 2651 1891 2732 Sigonirtm
1921 2654 2002 2715 de

650 2732 797 2793 Jure
827 2728 1047 2809 Antiq.
1093 2732 1193 2806 ΙΙ,
1230 2751 1326 2807 14.

735 2818 755 2847 ¹
826 2808 1344 2873 Manumrrnum
1419 2830 1582 2872 Duas
1663 2830 1909 2873 srsscras
1968 2810 1999 2885 ]

654 2883 985 2965 Utriusque
1040 2887 1266 2967 speciei
1305 2888 1599 2950 meminit
1646 2892 1883 2952 Seneca
1923 2888 2000 2951 de

658 2961 813 3052 yiti
838 2964 1027 3027 Beati
1059 2968 1298 3042 XXIV,
1348 2965 1521 3057 Justoe
1568 2965 1883 3044 libertarit,
1924 2987 2000 3026 an

602 3050 611 3056 ·
655 3058 810 3132 infer
823 3042 1027 3103 amicos
1039 3042 1365 3110 dataeJusta
1386 3046 1636 3110 libertas
1657 3045 1847 3111 servis
1865 3045 2003 3109 vin-

656 3119 862 3198 dicta,
894 3123 1110 3199 censu,
1148 3142 1257 3189 aut
1286 3125 1654 3189 testamento
1675 3127 1815 3189 data
1837 3146 1858 3203 ;
1882 3147 2000 3189 nec

653 3201 943 3265 revocari
967 3220 1234 3282 poterat.
1250 3204 1537 3268 Libertas
1552 3204 1718 3267 inter
1738 3204 2000 3280 amicos,

650 3277 722 3340 in
748 3279 1087 3359 convivio,
1105 3300 1212 3348 aut
1236 3302 1346 3363 per
1366 3283 1686 3364 epistolam
1706 3283 1869 3356 data,
1894 3303 1994 3345 re-

645 3358 869 3422 vocari
898 3382 980 3439 po
989 3379 1169 3439 terat3
1191 3363 1262 3426 ὃ(
1280 3363 1537 3426 libertus
1554 3362 1623 3425 in
1638 3362 2000 3426 servitutem

644 3437 899 3501 retrahi.
914 3439 1016 3503 Sic
1038 3441 1283 3505 relietus
1297 3440 1801 3522 paenitentiae,aut
1818 3462 1997 3506 novo

647 3517 975 3583 beneficio
1009 3520 1208 3584 locus.
1235 3521 1536 3603 Augustus
1572 3519 1907 3584 Tiberium
1930 3521 2000 3585 ὃ(

644 3597 1103 3676 rempublicam
1144 3599 1451 3680 sapienter
1500 3616 1878 3672 monuerat,
1920 3620 2000 3662 ne

643 3675 856 3756 plures
911 3679 1550 3752 manumitterentur,
1588 3678 1797 3760 ficque
1842 3680 1999 3760 Urbs

643 3754 991 3836 omnigeni
1019 3757 1205 3820 turba
1247 3757 1649 3839 impleretur,
1687 3760 1815 3835 μέτ’
1864 3764 2002 3819 ἀπε-

641 3842 902 3915 λενθερῧπ
950 3837 1136 3902 πολιὰς
1160 3882 1180 3911 ,
1242 3838 1322 3899 ἵνα
1374 3837 1447 3916 μὲ
1509 3837 1814 3900 πινἾοδαπῧ
1861 3836 2001 3913 ’σ’χλυ

641 3915 727 3977 τὲ,
762 3914 914 3974 πέλα
951 3916 1260 3997 πληρῦσωπ
1285 3962 1305 3991 ,
1332 3917 1459 3980 Dio
1486 3918 1652 3981 LVI.
1689 3936 1826 3996 pag.
1855 3936 1997 3995 591.

644 3995 729 4053 At
768 3991 884 4055 hac
938 3994 1006 4056 in
1046 4016 1150 4070 re,
1204 3997 1383 4077 quod
1432 3995 1584 4076 saepe
1634 3993 1850 4058 Princi
1897 4016 1998 4071 es,

647 4071 938 4148 peccavit
970 4075 1307 4154 Augustus,
1342 4091 1412 4138 ut
1443 4074 1684 4155 optima
1721 4074 1822 4136 sua
1869 4090 2002 4136 eret

647 4148 928 4212 moriens
958 4198 977 4226 ‚
1027 4174 1174 4215 curn
1214 4153 1340 4232 ipse
1384 4153 1568 4217 aliter
1625 4152 1890 4215 fecisset.
1930 4153 2000 4215 Id

646 4226 947 4292 acerrime
982 4231 1053 4293 &
1088 4233 1585 4312 eloquentissime
1620 4233 1800 4296 dolet
1841 4232 2002 4297 Dio—

647 4304 859 4385 nysius
898 4308 1290 4373 Halicarnaff.
1340 4312 1562 4392 Antiq.
1613 4312 1802 4374 Rom.
1868 4313 1953 4376 IV
1977 4358 1996 4388 ‚

646 4406 751 4462 ²4·
792 4405 935 4466 pag.
976 4408 1100 4466 227
1135 4390 1205 4453 ὃ(
1252 4395 1395 4454 228.
1437 4393 1522 4453 At
1549 4390 1783 4452 malum
1808 4435 1827 4463 ,
1867 4411 1996 4471 quo

648 4463 899 4526 nullum
944 4486 1237 4547 umquam
1271 4469 1394 4534 fuit
1446 4468 1598 4532 Urbi
1640 4468 1955 4532 exitialius
1977 4515 1997 4541 ,

648 4543 936 4632 audacter
1006 4547 1248 4626 grassari
1316 4548 1510 4628 coepit
1570 4548 1679 4609 snb
1745 4547 1998 4609 Claudii

651 4622 844 4699 princ‘
892 4639 1042 4700 atu,
1093 4624 1252 4687 Plin.
1309 4629 1692 4700 XXXIII,
1741 4647 1800 4686 2.
1840 4626 2000 4703 ejus-

651 4718 773 4788 ,ηας
796 4701 843 4761 li
893 4702 1040 4765 ertis
1066 4702 1574 4784 imperitantibus
1590 4749 1611 4780 ,
1660 4704 1891 4768 fastum
1917 4706 1999 4767 est

654 4776 1027 4843 insanabile.
1286 4803 1289 4808 ⁴

726 4860 1028 4944 {Amr-rx
1066 4865 1431 4939 nazarus]
1478 4861 1818 4938 Domitiae,
1867 4862 1997 4926 Ne-

642 4947 821 5002 toms
853 4936 1096 5020 amitae,
1139 4939 1221 5005 de
1261 4941 1387 5025 qua
1423 4941 1602 5025 supra
1647 4961 1786 5020 cap.
1819 4962 1919 5020 ¹9·

2158 2581 2181 2627 ³
2208 2570 2658 2639 Incertum-Ans
2681 2571 3048 2651 Junlcwu]
3080 2572 3240 2639 Non
3260 2573 3435 2643 vitio

2079 2650 2477 2717 Cornelianae
2536 2653 2898 2729 brevitatis,
2936 2654 3043 2717 sed
3087 2657 3173 2719 ob
3218 2676 3430 2721 mores

2079 2732 2319 2796 nostros
2369 2751 2405 2795 a
2472 2732 2775 2795 Romanis
2838 2733 3124 2796 moribus
3177 2739 3432 2813 prorsus

2077 2810 2317 2874 alienos
2338 2853 2356 2877 ‚
2381 2810 2560 2875 locus
2587 2811 2695 2873 iste
2729 2810 3138 2893 perobscurus
3178 2812 3428 2876 videre-

2077 2904 2179 2952 tur
2200 2933 2218 2962 ,
2243 2888 2363 2952 ‘nifi
2384 2933 2403 2961 ,
2435 2887 2537 2951 vir
2579 2888 2850 2953 summus
2875 2934 2897 2964 ,
2942 2889 3275 2968 Cujacius,
3305 2894 3434 2962 ob-⁴

2079 2968 2298 3032 servat.
2348 2969 2599 3044 XVIII,
2649 2989 2751 3047 23.
2813 2969 3022 3032 lucem
3074 2968 3433 3036 adfudiffet.

2077 3049 2269 3113 Nunc
2296 3046 2480 3129 plana
2522 3046 2809 3130 claraque
2851 3046 2990 3113 sunt
3020 3048 3259 3113 omnia.
3297 3050 3432 3115 Do-

2077 3127 2260 3190 mitia
2284 3173 2307 3203 5
2355 3127 2635 3191 Neronis
2680 3126 2910 3204 amita,
2967 3127 3288 3204 Paridem,
3328 3148 3433 3193 ac-

2077 3205 2260 3285 cepta
2290 3208 2367 3267 ab
2393 3227 2472 3268 eo
2497 3204 2766 3285 pecunia
2799 3226 2913 3283 pro
2938 3203 3230 3269 libertate
3248 3252 3266 3281 ,
3295 3225 3431 3270 ma-

2076 3282 2452 3359 numiserat;
2506 3298 2694 3362 atque
2750 3281 2837 3345 ita
2878 3281 2987 3343 diu
3034 3281 3159 3345 fuit
3199 3284 3430 3346 Domi-

2077 3361 2178 3426 tiae
2210 3362 2492 3424 libertus.
2541 3361 2677 3425 Post
2719 3359 2879 3438 juffu
2916 3359 3218 3440 Principis
3261 3361 3430 3427 dixit

2077 3441 2137 3504 se
2175 3441 2292 3504 effe
2321 3439 2709 3531 ingenuum,
2739 3439 2810 3505 &
2851 3437 3107 3503 veritati
3141 3439 3431 3520 ingenui-

2077 3517 2221 3584 tatis
2290 3518 2452 3581 nihrl
2532 3520 2782 3583 officere
2861 3517 3434 3585 manumiffionem.

2077 3598 2259 3663 Vicit
2294 3619 2431 3662 non
2461 3596 2594 3688 sine
2623 3595 2885 3661 infamia
2923 3596 3236 3688 ‘lJrinhcipis
3258 3645 3277 3673 ,
3304 3598 3429 3690 ‚da-

2077 3693 2332 3760 tamque
2412 3696 2703 3741 ecumam
2742 3697 2809 3740 re
2856 3692 3032 3752 etnt,
3076 3690 3147 3741 ut
3188 3696 3321 3740 acci
3366 3697 3430 3739 1-

2075 3753 2215 3822 mus'
2247 3778 2326 3821 ex
2417 3756 2583 3852 igest.
2607 3757 2746 3818 XII.
2839 3755 2910 3820 it.
2927 3758 3034 3821 lv.
3056 3756 3135 3818 de
3165 3776 3290 3819 con
3345 3756 3430 3820 'c-

2076 3836 2256 3899 tione
2296 3856 2476 3899 causa
2521 3834 2687 3898 data.
2725 3834 2849 3916 leg.
2911 3856 2967 3912 3.
3020 3855 3196 3898 num.
3277 3880 3294 3899 .
3346 3856 3432 3899 ex

2072 3915 2372 3995 Ulpiano.
2413 3911 2686 3976 Julianus
2722 3912 2859 3974 libro
2887 3912 3169 3973 undecimo
3281 3914 3429 3996 igef·

2074 4011 2249 4054 torum
2265 3991 2506 4073 stribir‚
2537 4010 2832 4069 competere
2855 3993 3097 4052 manumi
3139 4013 3169 4058 o
3213 3994 3427 4070 repeti-

2076 4075 2303 4135 tionem.
2351 4072 2635 4135 Neratius
2673 4073 2844 4134 etiam
2884 4071 3021 4131 libro
3132 4070 3431 4133 embrana-

2074 4173 2196 4213 rum
2235 4150 2403 4229 refert
2444 4150 2714 4213 Paridem
2757 4150 3163 4212 pantomimum
3205 4170 3245 4208 a
3295 4148 3436 4210 Do·-

2074 4231 2233 4293 mitid
2261 4232 2518 4294 Neronis
2536 4230 2710 4313 filici,
2746 4230 2995 4311 corrige
3056 4228 3230 4288 amita
3254 4274 3274 4303 ,
3331 4226 3428 4288 de-

2076 4331 2191 4371 cem
2212 4358 2230 4387 ,
2264 4331 2384 4390 quae
2418 4312 2469 4372 ei
2501 4331 2602 4387 pro
2648 4308 2904 4370 libertate
2940 4304 3168 4367 dederat
3190 4350 3212 4380 ,
3260 4324 3428 4380 repe-

2073 4390 2187 4529 ff
2217 4409 2317 4464 per
2333 4389 2577 4470 judicem
2607 4409 2633 4460 ;
2675 4408 2778 4448 nec
2800 4387 2961 4468 fuiffi’
3004 4383 3317 4464 quoefitum‚
3341 4403 3425 4444 aa

2144 4467 2337 4530 omitia
2356 4468 2550 4548 sciens
2583 4466 2812 4528 liberum
2862 4462 3163 4544 accepiffet.
3206 4460 3434 4525 Decem

2075 4548 2153 4609 de
2212 4547 2493 4626 generali
2541 4539 3141 4634 pecuniarsumma·
3185 4541 3430 4623 accipe.
3495 4563 3500 4564 ⁷

2076 4628 2232 4687 Non
2274 4626 2522 4706 poffunt
2560 4623 2677 4689 effe
2723 4623 2942 4684 decem
2980 4620 3184 4682 millia
3238 4641 3430 4683 num·

2075 4723 2323 4765 morum
2352 4749 2373 4776 ‚
2408 4724 2546 4792 quae
2599 4702 2813 4764 forent
2852 4716 3100 4762 tantum
3161 4699 3427 4763 Gallice

2075 4796 2347 4843 monetae
2395 4781 2572 4842 librae
2614 4797 2793 4859 ¹945·
2840 4780 2937 4842 De
2983 4778 3246 4840 immani
3292 4779 3425 4841 set-

2075 4876 2303 4921 vorum
2340 4857 2547 4939 pretio
2587 4857 2740 4925 vide
2774 4857 2941 4925 infra
2963 4859 3301 4928 Anecdota
3342 4858 3432 4929 de

2078 4941 2370 5014 Nerone.
