4975 6149
1508 437 1682 506 ιη’
2012 420 2111 504 C.
2241 412 3089 504 CORNELII
3187 412 3788 505 TACITI

1209 617 1445 665 a
1490 609 1877 698 »agerem
1894 640 1923 684 ,
1951 580 2006 663 fi
2035 574 2609 666 benevolentia
2639 608 2967 665 mecum
2999 583 3087 663 in
3122 582 3553 666 Neronem
3589 610 3865 667 meum
3902 591 4269 676 certaret.

1214 702 1278 753 A.
1299 700 1360 748 U.
1374 699 1439 750 C·

1254 795 1402 855 808.

1257 904 1305 954 J.
1338 905 1407 956 C.

1279 1022 1379 1086 55·

1490 715 1809 796 »Nunc
1856 739 1999 824 per
2063 705 2620 793 concubinum
2667 709 3176 810 Atimetum,
3227 716 3311 791 &
3342 710 3815 793 histrionem
3858 712 4266 819 Paridem,

1489 836 1767 947 »quali
1797 837 2049 920 scenae
2094 830 2400 918 fabulas
2428 836 2880 947 componit.
2906 834 3289 917 Baiarum
3325 834 3642 920 suarum
3674 837 4021 949 piscinas
4063 852 4082 886 ¹
4126 870 4269 927 exe

1491 960 1898 1046 »tollebat
1920 1023 1948 1065 ,
2003 966 2191 1045 cum
2225 963 2424 1044 meis
2467 957 2820 1045 confiliis
2870 958 3202 1072 adoptio
3233 1018 3262 1062 ‚
3318 966 3402 1043 ὃ(
3454 960 4028 1075 proconsulare
4078 963 4199 1073 jus
4230 1025 4262 1072 ‚

1488 1098 1641 1173 »ἃ
1691 1089 2129 1199 defignatio
2173 1084 2635 1171 consulatus
2660 1145 2689 1189 ,
2717 1091 2801 1168 ὅ(
2828 1110 3093 1169 cetera
3132 1085 3654 1200 adipiscendo
3694 1089 4034 1204 imperio
4084 1123 4268 1207 prae-

1487 1242 2043 1330 »pai-arentur.
2095 1214 2268 1296 Aut
2297 1212 2602 1296 exsistat
2624 1268 2655 1313 ,
2695 1213 2832 1321 qui
2864 1214 3247 1297 cohortes
3286 1214 3373 1294 in
3411 1212 3628 1298 Urbe
3678 1240 4022 1302 tentatas
4048 1277 4077 1321 ‚
4125 1221 4266 1326 qui

1488 1377 1536 1421 n
1555 1344 2155 1456 provinciarum
2171 1340 2414 1423 fidem
2431 1334 3021 1441 labefaEtatam,
3048 1339 3397 1448 denique
3413 1339 3683 1425 servos
3687 1401 3715 1443 ,
3732 1340 3868 1425 vel
3895 1340 4263 1447 libertoS‚

1487 1468 1655 1552 »ad
1679 1463 1937 1553 scelus
1975 1490 2399 1579 corruptos
2423 1475 2737 1575 arguat.
2781 1465 3087 1550 Vivere
3131 1494 3337 1576 ego,
3368 1466 3851 1552 Britannico
3894 1472 4264 1584 potiente
4304 1528 4311 1532 »

1485 1627 1534 1673 >>
1554 1621 1816 1676 rerum
1831 1651 1859 1693 ,
1898 1617 2263 1706 poteram
2295 1616 2424 1674 :at
2454 1590 2517 1686 si
2544 1587 2875 1675 Plautus
2909 1598 2941 1633 ²
2969 1650 2995 1693 ‚
3027 1618 3167 1675 aut
3200 1593 3375 1701 quis
3414 1589 3654 1695 alius,
3678 1593 4266 1708 rempublicam

1484 1752 1533 1797 :u
1550 1715 2044 1824 judicaturus
2098 1714 2541 1800 obtinuerit
2565 1776 2591 1819 ‚
2623 1716 2912 1801 desunt
2946 1717 3262 1802 scilicet
3289 1719 3492 1800 mihi
3540 1722 4085 1824 accusatoreS,
4125 1724 4261 1833 qui

4330 1757 4436 1819 10

1477 1872 1715 1925 »non
1771 1840 2067 1944 verba,
2121 1839 2627 1956 impatientia
2669 1846 3021 1928 caritatis
3075 1843 3509 1956 aliquando
3562 1848 3886 1931 incauta
3909 1908 3937 1950 ,
3991 1847 4130 1931 sed
4170 1878 4268 1932 ea
4394 1928 4402 1935 .

1479 2004 1528 2048 >³
1550 1971 1886 2052 crimina
1924 1964 2316 2075 objiciant
2341 2026 2369 2071 ,
2424 1966 2710 2079 quibus
2733 2029 2763 2071 ,
2798 1971 2944 2052 nist
2974 2001 3019 2054 a
3056 1967 3274 2073 filio,
3314 1967 3626 2055 absolvi
3660 2002 3829 2054 non
3869 1972 4151 2087 possim
4175 2007 4266 2060 ιι).

1477 2097 1943 2179 Commotis
1999 2095 2138 2203 qui
2205 2094 2533 2177 aderant
2555 2153 2585 2195 ,
2627 2091 3006 2206 ultroque
3073 2096 3391 2207 spiritus
3445 2091 3615 2199 ejus
3661 2098 4217 2206 mitigantibus
4234 2156 4266 2203 ‚

1496 2254 1544 2296 «
1577 2218 2084 2328 colloquium
2107 2215 2256 2296 filii
2289 2251 2334 2292 >2
2397 2210 2767 2331 exposcit
2817 2251 2836 2300 ε
2886 2217 3026 2300 ubi
3053 2215 3261 2299 nihil
3309 2247 3456 2332 pro
3501 2219 3970 2304 innocentia
3992 2281 4021 2322 ‚
4049 2226 4266 2331 quali

1486 2344 1928 2439 diffideret3
1955 2371 2108 2426 nec
2139 2340 2551 2426 beneficiis
2568 2343 2823 2451 ‚quasi
2849 2341 3407 2457 exprobraret,
3438 2342 3831 2441 differuit3
3857 2346 3995 2431 sed
4020 2344 4264 2431 ultio-

1477 2501 1670 2555 nem
1710 2473 1798 2553 in
1848 2466 2244 2553 delatores
2259 2525 2287 2572 ,
2337 2475 2421 2552 ὃ(
2458 2472 2780 2582 praemia
2815 2471 3095 2554 amicis
3148 2467 3530 2553 obtinuit.

1601 2595 1923 2680 XXII.
1988 2596 2674 2678 Famae-rum
2719 2626 3054 2680 annonae
3090 2605 3111 2654 ³
3147 2598 3407 2681 Fenio
3440 2592 3722 2701 Rufe,
3784 2611 3971 2682 cura
4021 2595 4266 2686 ludo-

1480 2751 1659 2806 rum
1686 2781 1713 2825 ,
1743 2724 1881 2833 qui
1912 2752 1956 2806 a
1986 2720 2292 2805 Caesare
2344 2719 2821 2835 parabantur
2845 2783 2874 2827 ,
2925 2723 3319 2805 Arruntio
3350 2718 3671 2815 Stellae3
3711 2724 4128 2837 AEgyptus
4167 2727 4273 2811 C.

1481 2845 1838 2935 Balbillo
1882 2850 2456 2963 permittuntur
2487 2857 2550 2933 4.
2596 2851 2830 2961 Syria
2880 2850 2969 2934 P.
3009 2848 3314 2936 Anteio
3370 2847 3749 2939 destinata
3796 2883 3812 2931 ε
3874 2856 3958 2933 ὃ(
4018 2855 4275 2938 variis

1560 3131 1584 3171 Β
1630 3122 1942 3184 Ermum
1961 3137 2230 3181 sunm«
2254 3136 2531 3182 mscmAs
2561 3121 2590 3198 ]
2623 3119 2824 3196 Baiae,
2857 3122 3062 3200 'quam
3111 3116 3381 3200 diligebat
3415 3162 3437 3195 ,
3495 3116 3729 3179 inaures
3776 3115 3995 3185 addidit
4024 3140 4046 3179 ,.·
4115 3118 4275 3198 cnjus

1480 3218 1651 3261 nunc
1694 3196 1925 3278 Castello
1969 3196 2025 3256 di
2074 3196 2222 3257 Baia
2250 3245 2270 3274 ,
2326 3197 2398 3258 in
2442 3199 2599 3260 Cam
2644 3197 2823 3273 ania,
2895 3216 3118 3274 propter
3129 3195 3346 3274 famam
3368 3197 3620 3259 nonnulli
3649 3195 3895 3272 Baulos,
3923 3195 4106 3259 haud
4130 3219 4276 3279 pro-

1477 3276 1739 3357 finuque
1779 3274 2148 3339 Puteolano.
2185 3274 2282 3338 Ibi
2331 3272 2570 3353 splendi
2620 3275 2824 3339 iffimae
2900 3277 3003 3341 cul
3025 3275 3229 3354 Baiis,
3258 3273 3445 3337 videre
3476 3275 3935 3351 concupiverunt,
3961 3275 4272 3354 Plialx,

1475 3357 1912 3419 Romanorum
1947 3353 2156 3429 viuae,
2195 3351 2442 3434 piscinae
2496 3353 2778 3433 plurimae
2802 3401 2823 3431 ,
2904 3375 3006 3437 55.
3053 3358 3337 3421 Verbum
3386 3352 3683 3423 extollebat
3733 3353 3860 3429 jam
3907 3350 3995 3415 ita
4037 3372 4272 3444 accep,

1525 3452 1742 3495 uarum
1782 3433 1859 3495 de
1889 3431 2237 3523 granditate
2284 3429 2563 3513 queritur
2589 3432 2823 3495 Plinius
2899 3451 3038 3495 tum
3082 3432 3359 3494 vidimus
3405 3431 3632 3495 Annal.
3678 3433 3804 3503 XI,
3867 3449 3921 3490 1.
3973 3433 4268 3506 Quantis

1475 3454 1723 3585 {vnn
1756 3533 1814 3573 ι..
1843 3509 1995 3570 Bina
2036 3528 2169 3570 tunc
2211 3511 2415 3591 jugera
2469 3508 2662 3585 populo
2701 3509 2822 3571 Ro·
2901 3511 2988 3572 im
3036 3511 3237 3574 endiis
3263 3507 3522 3587 piscinas
3562 3509 3951 3573 extollerent
3969 3510 4271 3577 Romani

1476 3609 1639 3653 mano
1648 3590 1800 3670 stitis
1830 3605 2028 3664 erant,
2060 3586 2299 3668 nullique
2321 3587 2579 3667 majorem
2612 3587 2824 3650 modum
2900 3590 2966 3651 di
2996 3610 3066 3652 ce
3110 3610 3189 3652 ex
3237 3585 3447 3649 Plinio
3490 3590 3579 3653 lx
3601 3635 3621 3664 ,
3670 3608 3766 3668 54.

1476 3666 1734 3729 attribuit
1774 3668 2115 3731 Romulus:
2153 3688 2253 3757 quo
2279 3667 2475 3746 servos
2522 3666 2817 3744 Neronis,
2976 3678 3003 3707 ²
3044 3669 3108 3729 Sx
3151 3669 3498 3743 ΡιΑυτυε]
3559 3665 3888 3731 Rubellius
3954 3663 4255 3746 Plautus,

1474 3746 1800 3822 contemptis
1837 3743 2536 3836 hujusspaniviridariis,
2580 3746 2823 3825 piscinas
2900 3745 2979 3808 de
3060 3765 3146 3809 uo
3197 3742 3430 3819 dietum
3466 3764 3598 3824 cap.
3644 3767 3741 3822 19.

1465 3826 1634 3905 juvat
1673 3822 1871 3884 habere
1917 3841 2192 3901 majores.-
2229 3843 2457 3905 gratum
2492 3843 2597 3900 ue,
2615 3822 2678 3904 st
2710 3844 2819 3884 non
2980 3765 3480 3885 ³anm=2cwnA
3554 3821 3881 3909 annona]
3971 3819 4257 3886 Praefeffl

1474 3901 1711 3979 aliquem
1752 3900 1813 3960 &¹
1862 3899 2101 3962 culinas.
2138 3903 2212 3961 In
2259 3901 2338 3965 iis
2386 3900 2451 3981 pi
2479 3899 2639 3964 cinis
2692 3921 2822 3964 mu·
2896 3922 3165 3966 annonae
3198 3915 3329 3964 erat
3369 3919 3580 3963 curare
3618 3920 3699 3961 ne
3743 3918 3882 3978 qurs
3921 3916 4256 3963 annonam

1473 3999 1665 4042 raenas
1703 3977 1975 4042 maxime
2024 3977 2296 4042 habuere
2353 3978 2665 4053 Romani,
2716 3980 2822 4043 sed
2898 3979 3213 4060 publicam
3250 3977 3563 4040 fraudaret
3587 4022 3609 4051 ,
3666 3994 3887 4039 eamve
3938 3975 4256 4064 cariorem

1474 4056 1649 4120 tanta
1696 4054 1971 4129 insaniei,
2013 4072 2082 4119 ut
2136 4056 2218 4123 de
2257 4056 2389 4135 ipso
2438 4056 2818 4133 Hortenfio'‚
2896 4072 3002 4120 aut
3030 4056 3328 4118 viliorem
3368 4053 3616 4116 faceret.
3664 4053 3827 4117 Vide
3871 4053 4253 4132 Ulpianum,

1476 4150 1769 4210 oratore,
1819 4133 2116 4195 familiari
2154 4135 2262 4197 suo
2290 4181 2311 4211 ,
2359 4150 2568 4197 narret
2620 4140 2818 4199 Varro
2896 4132 2980 4195 Di
3024 4134 3123 4196 est.
3153 4133 3297 4195 libr.
3336 4133 3625 4197 XLVIII.
3662 4130 3794 4195 Tit.
3838 4152 3933 4194 η.
3975 4132 4055 4194 de
4104 4133 4259 4215 lege.

1477 4216 1558 4276 de
1600 4216 1691 4278 Re
1719 4211 1944 4277 Rustic.
1982 4214 2113 4288 111,
2172 4234 2269 4291 ¹7·
2323 4232 2459 4274 non
2502 4212 2818 4276 minorem
2895 4215 2971 4275 Ju
2999 4212 3060 4274 ιέι
3087 4212 3165 4274 de
3195 4210 3488 4274 Annona.

1476 4313 1689 4356 curam
1739 4292 1871 4370 ejus
1926 4288 2099 4353 fuiffe
2147 4288 2211 4349 de
2251 4290 2478 4371 aegrotis
2532 4290 2772 4370 piscibus
2797 4340 2817 4367 ,
2973 4299 3006 4338 4
3047 4292 3123 4352 C.
3163 4291 3490 4353 ΒΑιΒιιιο
3534 4309 4034 4356 nummum-un
4071 4289 4102 4363 J
4140 4289 4254 4353 Ob

1478 4375 1640 4451 quam
1677 4369 1743 4429 de
1780 4371 1962 4429 minus
2012 4367 2327 4437 valentibus
2370 4367 2576 4448 seWis.
2624 4368 2818 4448 Itaque
2895 4370 2947 4428 A
2993 4366 3249 4449 rippinae
3270 4367 3636 4438 amicitiam.
3666 4364 4252 4454 C.Ba1bi11us,fuit

1475 4449 1662 4510 minus
1700 4446 2027 4525 laborabat,
2076 4468 2146 4507 ne
2171 4448 2370 4528 J‘ervus
2417 4466 2565 4528 aeger
2589 4494 2609 4523 ,
2658 4452 2818 4527 quam
2894 4389 3041 4509 telle
3075 4445 3310 4509 Seneca
3336 4447 3556 4523 Quaest.
3597 4450 3820 4517 Natur.
3844 4451 3969 4520 IV,
4002 4466 4059 4506 2.
4085 4462 4251 4500 vtro-

1475 4546 1677 4618 aquarn
1712 4526 1801 4603 fri
1848 4525 1990 4586 ’dam
2045 4524 2290 4587 biberent
2324 4525 2419 4606 flii
2456 4525 2651 4604 piftes.
2692 4532 2818 4592 Ve-
2896 4544 3015 4585 rum
3058 4525 3328 4601 optimus,
3382 4525 3441 4585 in
3491 4526 3636 4585 omni
3680 4524 3989 4584 litterarum
4035 4538 4252 4598 genere

1476 4606 1655 4667 thum
1693 4608 1806 4669 Pol
1834 4606 2054 4669 ionem
2095 4624 2389 4668 muraenas
2431 4603 2560 4667 suas
2607 4604 2819 4669 huma·
2893 4602 3206 4685 rariffimur.
3242 4602 3615 4666 Citissimum
3640 4604 3771 4679 ejus
3793 4600 3864 4662 in
3898 4604 3974 4661 AE
4016 4610 4251 4685 ypturn

1475 4702 1565 4743 no
1611 4683 1905 4762 sanguine
1950 4683 2239 4764 saginass'e
2282 4682 2608 4749 horrentes
2654 4683 2817 4749 dixi·
2890 4683 3234 4751 adventum
3281 4682 3556 4744 celebrat
3615 4677 3848 4765 Plinius
3917 4678 3972 4736 X
4010 4676 4085 4734 X.
4172 4694 4250 4739 m

1475 4758 1718 4845 mus-in
1774 4760 1963 4848 Notis
2007 4764 2087 4824 ad
2124 4763 2353 4825 Annal.
2396 4763 2554 4836 XII,
2590 4768 2691 4824 60.
2735 4765 2818 4825 Ut
2934 4760 3063 4825 raef.
3123 4757 3291 4840 Quod
3348 4756 3668 4827 miraculum
3710 4772 3890 4843 ''fala-⁹
3909 4798 3929 4827 2
3972 4748 4244 4829 herbam,

1474 4836 1758 4903 moribus
1788 4880 1808 4907 ‚
1888 4852 1976 4900 ita
2095 4861 2305 4919 uoque
2382 4840 2813 4918 voluptatibus
2891 4782 3094 4902 linum
3112 4859 3191 4900 ex
3225 4899 3229 4903 ,
3259 4855 3341 4898 uo
3361 4835 3503 4896 vela
3531 4832 3977 4907 conficiuntur,
4008 4828 4254 4912 effiequae

1467 4910 1701 4982 melior
1756 4911 2011 4976 Antonia
2049 4860 2287 4998 ςἃὶνιςίῑ,
2333 4936 2472 4999 quae
2508 4938 2769 4985 muroenae
2792 4963 2814 4999 ,
2887 4916 3177 4983 admoveat
3270 4928 3504 4994 gyptum
3544 4908 3768 4972 Italiae:
3802 4910 3864 4973 in
3891 4926 4151 4983 tantum,
4183 4926 4253 4971 ue

4046 5023 4256 5081 mox
