4975 6149
1470 419 1641 500 154

1856 387 2075 495 ‚o
2204 376 3045 497 CORNELII
3150 375 3753 515 TAc⁴1T1

1453 549 1819 637 »indicia
1841 581 1885 627 >³
1908 611 1928 633 .
1953 546 2336 633 Abeunte
2362 546 2659 630 dehinc
2685 538 2981 629 ancilla
2995 603 3025 649 ,
3071 577 3118 620 c<
3140 544 3273 627 Tu
3300 573 3624 655 quoque
3653 573 3785 629 me
3812 540 4107 630 deseris
4136 579 4182 623 >2
4212 603 4256 652 2

1459 675 1933 798 prolocuta,
1961 674 2289 790 respicit
2313 676 2798 779 Anicetum,
2822 674 3269 756 trierarcho
3296 669 3722 758 Herculeo
3760 683 3781 719 ¹
3803 730 3833 777 ,
3862 680 3947 757 &
3978 671 4247 758 Oloa-

1223 869 1272 920 ),
1305 869 1370 919 ο,
1457 811 1663 911 rit0,
1706 807 2185 890 centurione
2225 799 2611 885 claffiario
2640 857 2670 903 ,
2726 801 3233 884 comitatum.
3281 800 3410 883 Ac
3432 858 3461 901 ,
3507 833 3552 874 <t
3579 798 3635 879 s1
3677 799 3780 884 ad
3816 801 4246 886 visendum

1458 931 1859 1018 »veniss‘et
1880 991 1908 1035 ,
1969 928 2310 1012 refotam
2336 962 2383 1005 ›>
2438 929 2892 1011 nuntiaret:
2938 959 2983 1000 «
3012 927 3126 1008 fin
3163 926 3479 1008 facinus
3511 952 4007 1037 patraturus,
4034 924 4245 1010 nihil

1458 1061 1606 1142 »se
1644 1058 1745 1142 de
1796 1056 1970 1140 filio
2024 1054 2405 1152 credere3
2453 1083 2623 1139 non
2675 1055 3157 1166 imperatum
3205 1051 3840 1166 parricidium».
3877 1051 4246 1137 Circum·
4352 1074 4405 1155 ς

1456 1187 1727 1268 sistunt
1768 1181 2067 1268 lei-{ium
2102 1180 2598 1296 percussores
2623 1237 2651 1282 ,
2682 1186 2765 1262 ὁ(
2799 1182 3015 1293 prior
3046 1180 3530 1263 trierarchus
3556 1179 3741 1261 fusti
3778 1205 4022 1293 caput
4068 1177 4240 1287 ejus

1458 1312 1797 1396 adflixit.
1844 1314 2066 1394 Nam
2095 1312 2178 1390 in
2215 1333 2567 1391 mortem
2600 1308 3061 1391 centurioni
3093 1306 3392 1390 ferrum
3431 1305 4007 1418 destringenti,
4048 1334 4241 1420 pro-

1456 1437 1801 1523 tendens
1853 1462 2169 1521 uterum
2197 1494 2226 1538 ‚
2266 1469 2312 1511 «
2338 1436 2733 1521 Ventrem
2771 1429 2922 1517 feri
2949 1441 2980 1477 ²
3017 1468 3064 1511 >2
3101 1492 3132 1539 ,
3198 1431 3689 1518 exclamavit
3731 1468 3753 1516 2
3803 1429 4242 1544 multisque

1177 662 1407 715 A.U.C.

1220 754 1368 814 812.

1246 984 1350 1051 59.

1457 1561 1929 1658 ,vulneribus
1987 1562 2353 1646 confecia
2405 1561 2541 1644 est.

1589 1689 1755 1772 IX.
1783 1690 1871 1773 H
1890 1713 1959 1769 ΛΕ
1979 1714 2030 1769 c
2062 1686 2459 1771 consensu
2486 1685 2965 1801 produntur.
2983 1682 3520 1801 Aspexeritne
3549 1696 3571 1746 ³
3610 1713 3946 1772 matrem
3962 1689 4238 1772 exani·-
4304 1719 4334 1771 1
4355 1716 4416 1779 o

1463 1843 1681 1898 mem
1698 1818 1932 1899 Nero
1952 1875 1982 1918 ,
2015 1822 2096 1898 ὅ(
2126 1814 2468 1898 formam
2498 1816 2861 1927 corporis
2887 1812 3056 1922 ejus
3082 1811 3581 1920 laudaverit,
3606 1815 3788 1899 sunt
3824 1818 3959 1925 qui
4005 1808 4242 1900 tradi-

1458 1938 1730 2025 derint
1742 2002 1769 2045 ,
1785 1941 1969 2024 sunt
1985 1943 2121 2051 qui
2140 1940 2519 2025 abnuant.
2536 1939 2915 2025 Cremata
2930 1943 3040 2025 est
3053 1945 3287 2024 nofiie
3303 1939 3583 2026 eadem
3594 2002 3621 2045 ,
3641 1940 4056 2027 convivali
4067 1938 4244 2025 lec·-

1462 2079 1613 2152 to4
1638 2127 1666 2172 ‚
1697 2077 1781 2151 ὃς
1813 2069 2208 2177 exsequiis
2239 2065 2560 2152 vilibus.
2586 2069 2924 2176 Neque,
2952 2068 3148 2152 dum
3177 2071 3407 2152 Nero
3430 2097 3696 2151 rerum
3727 2067 4184 2181 potiebatur
4210 2089 4254 2172 ,⁴

1468 2196 1848 2304 congesta
1875 2202 1958 2275 ὃ(
1986 2191 2253 2275 clausa
2269 2194 2559 2273 humus
2586 2220 2610 2285 3
2638 2221 2838 2274 mox
2865 2193 3488 2276 domesticorum
3509 2188 3721 2281 ,curii
3748 2250 3776 2293 ,
3813 2190 4081 2277 levem
4113 2220 4241 2276 tu-.

1465 2316 1782 2400 mulum
1802 2328 1828 2383 5
1851 2319 2210 2430 accepit,
2235 2318 2451 2400 viam
2477 2316 2780 2400 Miseni
2808 2343 3140 2431 propter
3156 2325 3280 2420 ,ὃς
3299 2313 3579 2402 villam
3605 2316 3929 2401 Caesaris
3946 2315 3983 2363 ⁶
4008 2317 4241 2403 dieta-
4305 2341 4336 2393 1
4359 2337 4406 2416 ς

1467 2534 1667 2628 pirus,
1735 2534 1954 2599 omnia
2001 2531 2278 2615 denique
2344 2531 2611 2597 extremi
2663 2531 2818 2598 mali

1468 2614 1752 2678 mdicia:
1802 2616 1881 2678 ab
1932 2612 2162 2677 ancilla
2220 2612 2558 2687 deseritur,
2593 2632 2749 2677 mox
2781 2632 2818 2675 a

1470 2693 1844 2757 centurione
1869 2692 2245 2756 interficitur
2265 2712 2285 2769 ;
2314 2690 2661 2773 eidemque
2679 2691 2817 2772 ipsi

1468 2776 1656 2836 noete
1692 2770 1854 2835 circa
1880 2770 2102 2835 horam
2133 2770 2456 2851 quintam,
2489 2769 2817 2835 convivali

1468 2851 1634 2916 leno
1671 2848 2085 2914 comburitur.

1555 2940 1573 2969 ¹
1621 2930 2066 2992 Tarnasici-10
2085 2928 2442 2991 Hnacuuzo
2460 2931 2490 3006 ]
2510 2926 2816 2992 Asconius

1469 3005 1779 3072 Pedianus
1824 3007 1898 3082 ⁴in
1952 3008 2210 3070 Verrem
2254 3009 2282 3067 1
2313 3053 2333 3084 ,
2387 3027 2489 3068 20.
2552 3005 2819 3067 Trierar-

1469 3087 1608 3147 chus
1636 3134 1656 3166 ,
1705 3088 1841 3149 navi
1891 3086 2101 3149 triremi
2157 3084 2498 3224 proepqiitus.
2555 3086 2820 3148 Triremis

1470 3183 1662 3227 ternos
1706 3187 1968 3227 remorum
2008 3163 2229 3227 ordines
2265 3165 2332 3224 ha
2373 3183 2477 3225 et—.·
2520 3163 2604 3225 ita
2647 3164 2708 3225 ὓ·
2738 3164 2820 3225 bi-

1471 3243 1676 3318 remis,
1720 3244 1781 3305 ὓ·
1816 3243 2214 3325 quadriremis,
2250 3243 2313 3305 ὓ·
2351 3243 2609 3319 deinceps
2631 3242 2823 3303 dicun-

1468 3340 1585 3386 tur.
1641 3322 1743 3387 Sic
1793 3324 1864 3386 in
1920 3322 2435 3403 inscriptionibus
2501 3322 2820 3387 veteribus

1471 3400 1744 3483 reperias
1779 3422 2020 3466 nomen
2065 3413 2129 3462 c.
2172 3412 2453 3461 Mvssml.
2495 3409 2820 3460 CAPrroN.

1469 3501 1612 3552 Mu..
1642 3496 1854 3547 CLAss.
1890 3496 1992 3546 PR.
2026 3488 2260 3549 MIsEN.
2294 3500 2377 3548 Ex
2412 3483 2496 3547 ΙΠ
2517 3495 2820 3546 POETATE.

1470 3564 1548 3627 ld
1572 3562 1653 3626 est
1680 3559 1811 3652 Caii
1838 3558 2081 3696 stffldii
2117 3560 2421 3653 'Capitonis‘
2441 3558 2648 3652 militis·
2667 3559 2822 3640 Clas:

1455 3642 1547 3724 sis
1567 3640 1857 3700 Proetorzoe
1946 3638 2233 3715 finanum
2259 3659 2329 3700 ex·
2347 3658 2558 3701 triremz
2576 3637 2820 3714 Pietate,

1474 3722 1582 3785 seu
1618 3739 1753 3800 quae
1794 3716 2222 3797 appellabatur
2258 3718 2474 3780 Pietas.
2520 3717 2821 3781 Triremis

1473 3817 1737 3880 quoque
1768 3793 2072 3870 Hercules,
2111 3799 2179 3862 ffi
2215 3799 2397 3862 HER.
2438 3814 2823 3860 memoratur

1450 3873 1545 3941 ‘'in
1574 3873 1985 3953 inscriptione
2002 3877 2315 3941 Ravenna
2336 3874 2582 3956 reperta
2634 3895 2822 3957 quam

1472 3952 1761 4033 vulgavit
1804 3952 2081 4019 eruditus
2118 3955 2440 4019 Oliverius
2464 4001 2484 4028 ,
2604 3975 2822 4015 armora

1470 4029 1860 4122 Pij‘aurenfia,
1909 4051 2047 4113 pag.
2102 4054 2238 4124 ¹25·
2272 4036 2345 4095 In
2387 4033 2525 4096 aliis
2569 4032 2826 4113 inscrip-

1475 4112 1765 4176 tionibus
1806 4111 2084 4175 occurrit
2133 4131 2223 4178 1111
2275 4114 2573 4186 VESTA,
2620 4111 2686 4174 id
2742 4113 2825 4174 est

1475 4187 1843 4273 quadriremis
1888 4188 2073 4278 Vesta.
2130 4196 2206 4255 V.
2237 4192 2652 4253 VICTORIA
2675 4236 2694 4263 ,
2757 4189 2822 4252 id

1477 4270 1567 4334 est
1617 4268 2013 4349 quinqueremis
2065 4267 2334 4332 Vit‘ioria.
2381 4269 2565 4330 Haud
2609 4285 2823 4331 tamen

1476 4347 1988 4411 diffimulaverim
2018 4367 2055 4410 a
2097 4345 2326 4411 Tacito
2373 4346 2524 4408 Hist.
2556 4350 2654 4425 11,
2707 4353 2780 4410 16
2801 4394 2822 4426 ,

1475 4427 1820 4504 memorari
1855 4425 2215 4488 trierarchum
2246 4423 2663 4486 liburnicarum.

1558 4515 1589 4546 ²
1629 4512 1949 4571 Vennum
1994 4527 2137 4568 niu
2176 4507 2206 4581 ]
2251 4502 2450 4568 Aliter
2478 4550 2500 4580 ,
2556 4526 2675 4569 nec
2736 4505 2828 4570 ita

1477 4582 1702 4649 vivide
1740 4585 2076 4648 Dio‘LXI.
2132 4603 2273 4664 pag.
2303 4591 2448 4659 696.
2497 4586 2584 4650 rin
2629 4586 2828 4659 vas-ipa

1476 4662 1901 4738 numm-ima
1917 4708 1935 4738 ,
1972 4669 2102 4726 11:70
2144 4665 2329 4731 ταύτην
2346 4707 2367 4737 ,
2404 4664 2503 4740 ’ἔφη
2517 4707 2537 4738 ,
2564 4664 2786 4733 'Aula-Hc
2802 4709 2823 4738 ,

1479 4741 1604 4827 reio
1621 4782 1642 4811 ,
1672 4741 1753 4800 ‘ive
1798 4743 1999 4820 Νέρωνα
2052 4743 2229 4806 ἰ’τυιιν.
2278 4740 2588 4804 Denudato
2634 4761 2827 4804 ventre

1478 4832 1571 4874 att
1606 4840 1627 4874 .·
1680 4817 1845 4876 Hunc
1899 4839 2162 4897 percute,
2231 4821 2503 4899 Aniene,
2557 4840 2824 4898 percute,

1479 4892 1737 4976 quoniam
1778 4895 1991 4971 peperit
2043 4898 2348 4968 Neronem.
2402 4903 2544 4969 Nee
2601 4901 2825 4969 melius

2892 2535 3126 2599 Seneca
3147 2581 3167 2611 ‚
3203 2547 3312 2598 aut
3353 2533 3630 2617 quisquis
3658 2533 3971 2617 tragoediae
3995 2528 4248 2610 audior,

2895 2613 3196 2691 Ofiavia,
3237 2617 3371 2677 Aa.
3409 2617 3481 2692 1,
3526 2620 3665 2692 368.

3029 2729 3192 2780 Cedis
3230 2728 3436 2780 moriens
3464 2727 3553 2779 ina
3591 2728 3852 2792 ministrum

3029 2796 3191 2862 Rogat
3222 2797 3416 2860 infelix,
3448 2810 3581 2847 utero
3614 2797 3770 2847 dirum

3030 2864 3221 2913 Condat
3255 2878 3309 2913 ur
3335 2862 3503 2926 ensim.

3030 2929 3128 2980 Hic
3163 2929 3258 2995 est,
3287 2930 3363 2980 hic
3397 2930 3458 2995 eft
3474 2930 3726 2996 fodiendus
3746 2965 3760 2987 ‚
3797 2930 3903 2987 ait,

3032 2997 3206 3055 Ferro,
3246 2996 3493 3062 monstrum
3522 2998 3599 3065 qui
3619 3000 3715 3049 tale
3750 2998 3872 3048 nilis.

3031 3065 3140 3131 Post
3175 3067 3293 3117 hanc
3331 3082 3493 3117 vocem
3520 3085 3624 3118 eum
3636 3067 3858 3134 supremo

3031 3132 3226 3196 Bistam
3262 3134 3446 3200 gemitu

3034 3200 3262 3251 Animam
3293 3203 3478 3254 tandem
3490 3219 3580 3271 per
3589 3203 3701 3268 fera
3728 3199 3905 3266 tristem

3033 3268 3244 3322 Vulnera
3261 3270 3432 3322 reddit.

2981 3416 3003 3460 3
3048 3405 3493 3471 Asrzxanrrun
3539 3409 3572 3483 J
3639 3405 3806 3470 vide
3867 3402 4246 3467 Suetonium·

2901 3482 3052 3547 loco
3093 3484 3270 3567 supra
3316 3487 3424 3549 cit.
3481 3505 3616 3564 cap.
3659 3505 3715 3576 3.
3789 3483 3968 3546 Teste
4026 3482 4242 3546 Dione

2900 3564 3069 3624 LXI.
3095 3583 3229 3646 pag.
3267 3569 3425 3640 696,
3467 3563 3712 3628 sceleris
3744 3562 3911 3626 haud
3946 3561 4084 3626 satis
4110 3583 4246 3624 cer·

2902 3657 3039 3718 tus,
3064 3641 3180 3705 nifi
3218 3642 3345 3723 ipse
3389 3644 3729 3724 spectator,
3772 3642 3974 3717 vidit,
4010 3642 4081 3705 δε
4118 3639 4240 3703 ait:

2898 3719 3226 3800 Nescieham
3244 3741 3327 3782 me
3344 3741 3461 3783 tam
3470 3721 3759 3798 pulchram
3773 3740 4001 3782 matrem
4019 3717 4250 3780 habere..

2902 3807 3014 3861 obn.
3057 3800 3189 3881 §ihu
3227 3801 3306 3864 ’ὅτι
3348 3805 3453 3866 iit-n
3481 3803 3640 3866 καλὲν
3676 3801 3870 3879 μητέρι
3902 3798 4049 3888 εἶχον.

2979 3888 3011 3928 4
3053 3881 3443 3948 Couvwm
3471 3888 3718 3950 micro]
3749 3881 3952 3940 Leffls
3980 3874 4261 3937 discum--

2900 3960 3123 4023 bentes
3181 3959 3685 4023 convivabantur
3749 3953 4044 4018 Romani.
4095 3955 4242 4017 Tali

2899 4038 3101 4113 leno,
3142 4058 3224 4098 ne
3264 4035 3411 4099 dato
3457 4035 3716 4116 quidem
3758 4033 4018 4118 feralem
4063 4053 4242 4113 pom-

2900 4110 4240 4270 ¹²³}”123‘22‘2‘2dss1255350531‘..51515122325

2898 4290 3087 4346 men,
3129 4285 3200 4333 ut
3245 4269 3482 4334 dmum
3509 4270 3718 4352 supra,
3762 4268 4057 4348 Sepolclzro
4091 4270 4237 4329 d'A-

2891 4349 3179 4431 grippina.

2975 4432 3004 4469 ⁶
3044 4434 3311 4492 Virum
3339 4430 3680 4507 Cassius]
3716 4429 3937 4493 Adhuc
3960 4427 4238 4514 visuntur

2899 4506 3033 4584 ejus
3084 4508 3304 4571 rudera
3350 4507 3418 4568 in
3472 4525 3695 4571 monte
3754 4508 3916 4571 intra
3961 4505 4124 4565 Porto
4179 4499 4236 4561 dt

2897 4585 3047 4667 Baja
3104 4588 3176 4652 &
3225 4583 3397 4646 Mare
3452 4606 3622 4646 morto
3651 4608 3671 4648 ε
3711 4585 3928 4665 ibique
3976 4583 4242 4644 inventa

2898 4666 3087 4728 statua
3129 4685 3481 4727 marmorea
3536 4663 3825 4753 inscripta
3853 4709 3872 4736 ‚
3916 4662 4110 4723 GEN.
4158 4662 4237 4722 C.

2899 4746 3066 4808 IVL.
3112 4746 3335 4807 CAES.
3379 4741 3559 4802 Genio
3607 4741 3736 4801 Can
3786 4737 3932 4801 Julii
3975 4735 4237 4816 Coesarzs.

2899 4824 3060 4887 Vide
3106 4822 3470 4901 Scipionem
3501 4817 3904 4895 Mazzellam,
3966 4816 4243 4879 Antichi-

2897 4920 2960 4965 ta
3011 4899 3070 4964 di
3134 4897 3406 4984 Pozzuolq
3433 4944 3458 4980 ,
3517 4916 3655 4978 cap.
3720 4918 3824 4960 ιι.
3893 4916 4037 4979 pag.
4102 4900 4255 4978 1‘82.
