4975 6149
946 417 1596 512 ANNALIUM
1658 422 2007 516 LIBER
2070 422 2586 518 DECIMUS
2657 432 3195 550 QUINTUS.
3305 450 3352 524 2
3379 469 3485 545 17

704 583 1130 700 colloquio
1158 587 1448 703 poscit.
1477 587 1840 703 Tempus
1874 592 2458 705 propinquum,
2497 593 2730 683 locus
2771 610 2795 645 ¹
2818 661 2846 705 ,
2884 603 2972 683 in
3018 632 3183 712 quo
3225 632 3481 718 nuper
3527 630 3759 676 Ξ

700 717 1018 805 obseffae
1058 745 1251 800 cum
1275 717 1492 799 Paeto
1519 713 1882 827 legiones
1908 743 2171 823 erant,
2199 725 2384 803 cum
2416 752 2460 804 a
2489 721 2833 811 barbaris
2861 726 3213 813 delecius
3242 732 3475 836 esset,
3528 714 3590 766 ὼ
3612 716 3673 763 ⁰·
3695 716 3759 766 C·

700 844 808 932 ob
838 845 1320 928 memoriam
1350 841 1672 926 laetioris
1698 843 1839 926 fibi
1866 849 1981 928 rei
2004 906 2033 949 ,
2060 876 2229 930 non
2255 851 2363 933 est
2393 879 2439 931 a
2479 849 2954 938 Corbulone
2991 858 3329 962 vitatus,
3385 885 3478 942 ut
3561 820 3717 982 1812.

703 970 1257 1058 dislimilitudo
1314 970 1657 1053 fortuna:
1722 967 2067 1084 gloriam
2132 1002 2489 1088 augeret.
2555 980 2852 1089 Neque
2902 980 3231 1066 infamia
3280 986 3476 1069 Paeti
3590 964 3722 1094 ἐς..

603 1136 647 1219 5
704 1096 1190 1214 angebatur,
1223 1096 1444 1208 quod
1497 1100 1598 1181 eo
1643 1100 1998 1183 maxime
2036 1105 2335 1216 patuit,
2381 1105 2568 1214 quia
2601 1103 2776 1190 filio
2815 1102 2984 1213 ejus
3008 1165 3038 1209 ‚
3088 1108 3415 1195 tribuno
3444 1169 3477 1217 ,

703 1227 998 1312 ducere
1023 1220 1760 1339 manipu108,atque
1789 1229 2103 1339 operire
2127 1227 2501 1341 reliquias
2526 1229 2751 1316 malae
2779 1264 3064 1348 pugnae
3084 1244 3114 1279 ²
3142 1238 3480 1352 impera«,

700 1356 842 1438 vit.
874 1354 1039 1436 Die
1070 1351 1294 1467 pasta
1315 1410 1343 1454 ,
1364 1348 1739 1435 Tiberius
1766 1350 2323 1461 Alexander-³,
2361 1355 2706 1444 inlustris
2730 1390 2970 1471 eques
3007 1363 3474 1472 Romanus,

701 1482 1054 1564 minister
1089 1475 1313 1563 bello
1338 1478 1566 1563 datus
1596 1489 1677 1582 4,
1710 1488 1793 1564 ὅ(
1824 1482 2217 1566 Vivianus
2259 1485 2615 1589 Annius,
2649 1515 2898 1599 gener
2924 1487 3418 1575 Corbulonis
3444 1548 3477 1596 ,

704 1608 1069 1691 nondum
1094 1604 1490 1690 senatoria
1513 1630 1740 1689 aetate
1761 1615 1788 1670 5
1814 1665 1845 1711 ‚
1870 1607 2008 1691 sed
2038 1639 2186 1723 pro
2218 1605 2491 1724 legato
2529 1616 2820 1722 quintae
2861 1609 3172 1726 legioni
3201 1618 3472 1730 impo-

522 1796 528 1801 -
565 1767 652 1821 ιο
701 1735 884 1819 situs
908 1793 938 1837 ,
981 1737 1067 1816 in
1095 1735 1339 1817 castra
1365 1734 1746 1817 Tiridatis
1770 1737 2068 1819 venere
2082 1797 2111 1840 ,
2165 1740 2478 1823 honore
2510 1735 2680 1845 ejus
2706 1801 2733 1842 ,
2788 1771 2882 1824 ac
2935 1771 3037 1824 ne
3076 1768 3475 1829 metueret

701 1862 1058 1964 infidias,
1095 1857 1240 1946 tali
1273 1864 1643 1976 pignore.
1696 1864 1994 1949 Viceni
2024 1863 2321 1951 dehinc
2358 1868 2665 1977 equites
2695 1866 3118 1980 adsumpti.
3156 1866 3262 1951 Et
3295 1870 3474 1954 viso

701 1985 1172 2073 Corbulone
1209 2048 1240 2094 ‚
1302 2017 1445 2071 rex
1490 1992 1712 2104 prior
1761 2020 1973 2100 equo
2028 1989 2384 2078 desiluit:
2427 2023 2584 2077 nec
2624 1997 3033 2078 cunctatus
3075 1992 3478 2081 Corbuloa

706 2115 865 2200 Sed
886 2118 1127 2230 pedes
1153 2142 1488 2227 uterque
1516 2116 1831 2201 dextras
1856 2118 2274 2203 miscuere.
2344 2199 2349 2203 .

827 2242 1189 2327 XXIX.
1253 2241 1506 2325 ExlN
1555 2244 1978 2328 Romanus
2029 2243 2304 2330 laudat
2340 2242 2725 2353 juvenem
2750 2245 2787 2293 ⁶
2809 2308 2837 2352 ,
2891 2281 2937 2325 <c
2968 2246 3260 2332 omissis
3290 2278 3473 2361 prae-

567 2398 646 2479 15
702 2368 1143 2485 »cipitibus
1168 2431 1196 2475 ,
1225 2396 1399 2455 tuta
1449 2378 1535 2454 ὃ(
1586 2368 1954 2456 salutaria
1989 2371 2527 2487 capessentem
2568 2408 2653 2457 22.
2710 2371 2866 2458 Ille
2924 2409 2969 2450 «
3023 2377 3125 2459 de
3178 2371 3474 2457 nobili-

698 2523 926 2581 »tate
952 2499 1267 2610 generis
1284 2496 1722 2581 ».multum
1763 2498 2125 2614 praefatus
2139 2561 2168 2604 ,
2201 2525 2466 2585 cetera
2498 2526 3036 2616 temperanter
3063 2497 3474 2611 adjungit:

713 2659 758 2701 c<
793 2625 1109 2708 Iturum
1141 2628 1437 2740 quippe
1464 2627 1821 2711 Romam
1849 2686 1879 2730 ,
1921 2624 2430 2739 laturumque
2481 2658 2790 2711 novum
2830 2627 3118 2712 Caesari
3172 2627 3418 2710 decus
3439 2683 3474 2730 ,
3501 2611 3521 2628 ⁶

699 2785 743 2830 2>
761 2783 933 2838 non
986 2752 1319 2836 adversis
1367 2755 1847 2839 Parthorum
1895 2753 2127 2839 rebus
2174 2750 2621 2868 supplicem
2663 2753 3104 2838 Arsaciden
3136 2787 3223 2835 ›>.
3253 2753 3473 2835 Tum

700 2877 1008 2994 placuit
1033 2880 1454 2964 Tiridaten
1483 2911 1822 2996 ponere,
1868 2881 2081 2995 apud
2131 2879 2490 2990 effigiem
2538 2877 2864 2963 Caesaris
2892 2939 2921 2982 ,
2976 2879 3281 2990 insigne
3343 2908 3471 2962 re·-

552 3034 651 3091 20
705 3009 923 3120 gium
954 3066 984 3111 ‚
1031 3036 1184 3092 nec
1218 3009 1359 3090 nisi
1390 3038 1632 3093 manu
1660 3009 2019 3093 Neronis
2056 3006 2497 3092 resumere:
2529 3013 2612 3090 &
2644 3001 3152 3116 colloquium
3180 3002 3466 3090 osculo

702 3135 1043 3218 finitum.
1087 3135 1306 3218 Dein
1348 3138 1623 3250 paucis
1658 3135 1936 3219 diebus
1963 3131 2395 3242 interjeffis
2433 3192 2462 3237 ,
2528 3128 2819 3246 magna
2867 3133 3270 3243 utrimque
3303 3130 3470 3244 spe-

703 3263 825 3346 cie
849 3322 878 3365 ,
916 3261 1106 3344 inde
1152 3292 1392 3372 eques
1424 3263 1912 3378 compositus
1942 3291 2084 3376 per
2106 3288 2404 3345 turmas
2429 3318 2458 3363 ‚
2521 3269 2604 3345 ὅ(
2658 3257 3093 3369 insignibus
3137 3259 3407 3371 patriis
3435 3315 3468 3360 ,

699 3389 895 3472 hinc
921 3391 1243 3500 agmina
1291 3387 1715 3502 legionum
1763 3391 2097 3493 stetere,
2144 3384 2645 3497 fulgentibus
2688 3381 3024 3495 aquilis,
3075 3382 3470 3504 signisque

703 3520 787 3596 δε
832 3512 1267 3600 simulacris
1323 3516 1562 3599 desim
1594 3519 1679 3599 in
1739 3514 2075 3598 modum
2120 3510 2435 3627 templi.
2476 3512 2768 3598 Medio
2818 3507 3170 3595 tribunal
3196 3508 3469 3594 sedem

545 3661 643 3742 25
704 3637 1064 3729 curulem
1097 3701 1128 3747 ,
1181 3649 1267 3725 ὃ(
1320 3642 1543 3726 sedes
1603 3642 1960 3756 effigiem
2012 3642 2370 3728 Neronis
2418 3696 2449 3747 ,
2513 3635 2964 3728 sustinebat.
3032 3636 3164 3728 Ad
3227 3665 3467 3748 quam

698 3860 948 3925 scamis
980 3907 1001 3937 ‚
1061 3880 1213 3943 quas
1245 3876 1548 3927 terruerat
1580 3860 1872 3926 Corbulo
1892 3906 1914 3938 ,
1943 3859 2047 3924 in-
2121 3861 2439 3941 Ἀλεξάνδρου
2473 3862 2602 3926 παῖς
2626 3866 2693 3922 τῦ
2729 3853 3189 3938 ἅλιςιρχιῖηπος
3234 3859 3276 3916 ἓν
3305 3857 3469 3916 Ἀλι-

700 3941 913 4004 ducias
949 3940 1129 4021 petit.
2121 3941 2358 4021 ξαινδῷιῖᾳ
2376 3988 2394 4015 ,
2416 3940 2543 4013 γένει
2569 3967 2625 4000 τι
2647 3941 2735 4014 ,(9εᾷ
2759 3937 3338 4026 xliv-yspaerpeieaerroe
3374 3940 3471 4024 τᾷν

780 4030 798 4058 ¹
847 4021 1108 4095 Locus]
1139 4021 1349 4083 Locus
1375 4019 1485 4084 ille
1514 4019 1637 4083 fuit
1666 4019 1830 4100 apud
1862 4019 2044 4083 Arsa·
2123 4025 2229 4082 ἔκεῒ
2257 4020 2537 4079 καθἀὺτὸν.
2593 4021 2863 4080 Paternae
2912 4030 3156 4094 pietatis
3181 4061 3200 4087 ‚
3239 4011 3470 4103 ‚Judai-

692 4096 1043 4174 mosatam‚
1105 4113 1172 4159 ut
1214 4098 1445 4161 dietum
1481 4101 1562 4162 est
1590 4101 1766 4179 supra
1805 4119 1938 4178 cap.
1972 4120 2045 4159 10
2122 4122 2205 4162 cae
2253 4119 2332 4160 ue
2387 4096 2503 4159 reli
2546 4095 2714 4160 ionis
2761 4094 3039 4157 desertor
3083 4140 3103 4169 ‚
3164 4090 3285 4153 fuit
3335 4090 3492 4170 post,

701 4177 774 4240 ὃ(
817 4175 875 4239 se
924 4197 986 4256 q.
1046 4176 1241 4239 Forte
1289 4179 1738 4241 Arsamosatam
1782 4178 1946 4240 inter
1974 4179 2044 4242 &
2123 4182 2219 4241 Cu
2250 4177 2421 4257 pium
2534 4176 2722 4238 adum
2761 4174 2982 4235 Judaeae
3036 4182 3471 4258 procurato-ry

700 4253 882 4317 Rhan
928 4259 1286 4330 eamzcerte
1314 4256 2041 4333 rumaaevmemoratnio,
2120 4255 2369 4347 Joseph.
2405 4254 2628 4334 Antiq.
2660 4252 2803 4316 Jud.
2841 4254 2958 4312 XX
2981 4297 2999 4324 ‚
3027 4268 3084 4329 5.
3116 4248 3213 4309 De
3241 4262 3473 4324 equm-

702 4332 881 4396 LXII
904 4377 925 4406 ,
959 4353 1092 4413 pag.
1122 4355 1268 4413 710.
2120 4339 2237 4400 bus
2265 4333 2600 4396 illustribus
2616 4333 2851 4395 dicrum
2869 4327 3094 4391 Annal.
3128 4327 3185 4385 11
3215 4370 3234 4396 ‚
3270 4344 3370 4401 59.

779 4419 805 4446 ²
853 4414 1199 4486 Remum
1235 4435 1425 4476 unffi.
1452 4416 1710 4490 worm]
1735 4415 2046 4509 Insepulta
2200 4424 2234 4464 4
2274 4415 2592 4475 Mmlsrnn
2646 4434 2846 4475 nstro
2900 4404 3153 4496 Dp‘rus]
3203 4401 3396 4462 Datus
3431 4421 3469 4464 a

699 4490 1010 4555 cadavera
1053 4499 1271 4554 eorum
1294 4540 1314 4568 ‚
1355 4493 1463 4571 qui
1503 4492 1665 4555 mals
1693 4514 1900 4573 pugna
1931 4515 2045 4555 oc·
2123 4496 2384 4556 Nerone
2413 4489 2776 4553 Corbuloni
2799 4484 3072 4574 minister
3104 4478 3302 4542 bello,
3333 4481 3471 4570 'Isa-

700 4571 1091 4645 cubuerant,
1123 4570 1285 4634 terrai
1334 4587 1545 4651 tegere
1576 4592 1598 4651 ;
1640 4588 1711 4635 ut
1759 4575 1908 4634 vere
1932 4592 2044 4632 ex·
2122 4574 2211 4633 les
2236 4569 2546 4630 ministros
2568 4568 2636 4628 in
2652 4565 2859 4630 Gallia
2883 4565 3171 4636 dicimus,
3195 4554 3293 4616 des
3306 4555 3478 4618 Lien·

698 4648 893 4728 plicat
916 4648 1197 4712 Grotius·
2123 4668 2327 4709 cenans
2344 4646 2669 4706 Generaux.

781 4739 804 4781 3
849 4729 1160 4790 Tumulus
1220 4731 1620 4792 Auxuma
1661 4733 1695 4806 J
1765 4725 1939 4785 Pater
1995 4725 2045 4784 ei
2209 4739 2227 4782 5
2273 4730 2642 4787 Semi-oum
2689 4722 2953 4809 Agru-1⁸3]
3004 4714 3316 4779 Nondum
3359 4732 3498 4779 an-·

679 4802 882 4880 suerat
903 4804 1266 4881 Alexander,
1308 4805 1631 4868 Alabarcka
1657 4801 2044 4875 Alexandriae‚
2123 4825 2241 4866 nos
2271 4801 2552 4881 quinque
2574 4800 2645 4862 &
2669 4798 2900 4879 viginti
2933 4813 3130 4859 natus.
3493 4830 3498 4834 -

698 4884 936 4945 omnium
976 4885 1038 4947 in
1077 4887 1143 4946 ed
1182 4885 1311 4946 urbe
1380 4907 1445 4947 uo
1475 4905 1709 4961 tempore
1748 4903 1951 4964 genere
1984 4880 2045 4941 ὓ·
2201 4885 2229 4921 ⁶
2274 4883 2551 4944 LAunA‘r
2581 4871 3237 4954 Juvnum]Cotbulo
3261 4872 3473 4939 laudat

690 4958 912 5028 divitiis
943 4963 1174 5038 primus·
1243 4965 1463 5047 Τιςσρως
1498 4963 1837 5043 'Azskaevaei'pos
1864 5010 1887 5026 0
1915 5007 1932 5029 .
1971 5008 1987 5023 .
2031 5008 2046 5024 .
2123 4959 2477 5025 Tiridaten·

943 5051 1022 5135 T
1013 5083 1165 5137 om.
1227 5054 1344 5170 Il.
2947 5039 3016 5127 E
3047 5071 3093 5128 e
