4975 6149
1517 470 1688 527 100
1943 432 2144 527 “C.
2259 438 3136 528 CORNELII
3249 435 3879 525 TACIT1

1220 631 1457 686 Ε
1507 603 2039 692 admonuisset
2063 663 2090 710 ‚
2135 639 2182 684 «
2204 607 2569 690 venienti
2590 604 2825 688 matri
2853 629 3320 691 occurreret
3346 636 3392 681 »
3414 666 3435 690 .
3463 602 3879 718 Itaspecie
3905 601 4222 719 pietatis
4248 663 4279 715 ,

1228 710 1295 761 A.
1310 713 1375 761 U.
1393 711 1455 762 C.

1264 800 1414 876 807.

1274 911 1324 960 J.
1358 911 1422 961 C.

1295 1015 1401 1096 ἦ·

1508 732 1835 821 obviam
1875 736 2080 818 itum
2136 733 2542 817 dedecori.

1634 861 1795 946 VI.
1862 864 2104 946 FINE
2133 861 2322 944 anni
2364 870 2386 904 ¹
2406 918 2436 962 ‚
2474 858 2813 945 turbidis
2856 858 3352 962 rumoribuS‚
3407 890 3453 932 «
3481 857 3924 973 prorupisse
3969 858 4275 943 rursum

1507 989 1910 1074 »Parthos
1936 1046 1966 1090 ‚
2021 995 2105 1070 ὃ(
2172 987 2344 1098 rapi
2403 990 3005 1089 Armeniam»,
3070 984 3403 1069 allatum
3454 986 3619 1086 est,
3683 981 3992 1100 «pulso
4042 988 4270 1070 Rha-

1505 1113 1908 1196 »damisto
1949 1120 2054 1189 ²»
2092 1170 2121 1217 ‚
2188 1114 2326 1221 qui
2382 1113 2583 1226 saepe
2641 1115 2872 1224 regni
2924 1108 3094 1218 ejus
3166 1114 3470 1226 potitus
3499 1169 3529 1213 ‚
3575 1108 3763 1192 dein
3824 1112 4212 1227 profugus
4247 1170 4276 1217 ‚

1509 1265 1688 1324 tum
1749 1268 2070 1350 quoque
2129 1234 2435 1321 bellum
2519 1237 2995 1332 deseruerat.
3050 1236 3311 1348 Igitur
3366 1239 3451 1318 in
3530 1232 3743 1319 Urbe
3819 1237 4279 1322 sermonum

1506 1360 1797 1467 avida,
1869 1397 1913 1441 «
1944 1363 2625 1475 quemadmodum
2682 1365 3064 1477 Princeps
3080 1422 3110 1466 ‚
3178 1365 3320 1446 vix
3373 1363 3952 1477 septemdecim
4025 1394 4277 1450 annos

1506 1520 1556 1569 :a
1576 1491 1955 1603 egreffus,
1990 1491 2383 1604 suscipere
2414 1520 2592 1573 eam
2646 1486 2953 1572 molem
2976 1548 3004 1591 ,
3036 1475 3173 1572 aut
3203 1487 3665 1604 propulsare
3708 1490 4005 1604 posset?
4056 1491 4275 1602 quod

1408 1727 1414 1732 Ι
1505 1614 2000 1699 »subsidium
2053 1618 2138 1697 in
2190 1645 2333 1717 eo,
2375 1619 2513 1725 qui
2558 1646 2602 1699 a
2650 1616 2951 1700 femina
2985 1620 3453 1726 regeretur?
3500 1639 3695 1697 num
3744 1615 4034 1729 proelia
4087 1646 4282 1726 quo-

1504 1771 1728 1850 »que
1776 1749 1858 1825 ὃε
1902 1743 2550 1855 oppugnationes
2580 1740 2940 1845 urbium,
2976 1749 3061 1825 ὃ(
3100 1768 3368 1827 cetera
3411 1737 3650 1845 belli,
3689 1771 3828 1856 per
3866 1743 4275 1853 magistros
4345 1776 4373 1828 i
4397 1761 4479 1836 of

1502 1867 2096 1951 »administrari
2139 1869 2453 1982 possent
2480 1904 2526 1946 ι)
2555 1927 2586 1972 ,
2655 1867 3205 1982 anquirebant.
3261 1869 3572 1952 Contra
3620 1866 3759 1953 alii
3789 1928 3818 1972 ,
3884 1895 3954 1944 ·«
3981 1866 4270 1952 melitis

1503 1994 1920 2078 »evenisse
1949 2027 1994 2070 >2
2058 1993 2439 2080 differunt
2465 2055 2494 2098 ,
2563 2028 2610 2069 «
2640 1994 2880 2119 quam
2931 1994 2987 2076 si
3017 1994 3416 2079 invalidus
3465 1993 3774 2078 seneffia
3824 2001 3909 2077 ὃ(
3954 1991 4282 2106 ignavia

1504 2116 1961 2203 »Claudius
1988 2178 2016 2221 ,
2050 2119 2349 2201 militiae
2380 2121 2480 2205 ad
2537 2118 2851 2204 labores
2902 2146 3329 2205 vocaretur
3356 2180 3386 2222 ,
3431 2117 3846 2202 servilibus
3891 2117 4101 2224 jussis
4132 2119 4283 2204 ob·-

1505 2269 2182 2356 »temperaturus
2236 2246 2582 2325 Burrum
2619 2270 2892 2328 tamen
2949 2253 3033 2328 ὃ(
3088 2247 3488 2328 Senecam
3536 2243 3971 2327 multarum
4012 2274 4282 2326 rerum

1505 2401 1556 2447 :o
1575 2366 2068 2483 experientia
2098 2372 2505 2480 cognitos:
2524 2377 2605 2453 ὅ(
2632 2371 3111 2485 Imperatori
3124 2375 3509 2481 quantum
3526 2370 3627 2453 ad
3652 2368 3895 2452 robur
3921 2369 4182 2453 deesse
4203 2365 4281 2450 ’ἲ

1502 2526 1554 2573 >>
1576 2498 1760 2579 cum
1791 2495 2401 2579 ofilavodecimo
2442 2499 2689 2582 aetatis
2727 2529 2939 2582 anno
2971 2498 3128 2582 Cn.
3153 2498 3630 2611 Pompeius,
3657 2497 4211 2580 nonodecimo
4242 2506 4284 2557 4

1504 2650 1554 2699 >2
1575 2621 1832 2704 Caesar
1869 2622 2396 2726 Oaavianus,
2430 2622 2704 2709 civilia
2735 2620 2950 2708 bella
2976 2625 3505 2708 sustinuerint.
3531 2621 3915 2733 Pleraque
3954 2624 4038 2702 in
4066 2622 4283 2705 sum-

1504 2744 1702 2830 »ma
1747 2744 2071 2830 fortun‘a
2118 2749 2490 2862 auspiciis
2552 2759 2636 2834 δε
2693 2747 3095 2855 consiliis,
3142 2748 3399 2862 quam
3435 2746 3620 2833 telis
3678 2757 3705 2814 5
3772 2756 3855 2832 ὅ(
3910 2747 4281 2846 manibus

1505 2905 1554 2950 >2
1573 2875 1768 2985 geri.
1810 2873 2211 2957 Daturum
2248 2872 2489 2989 plane
2515 2876 3142 2981 documentum,
3172 2878 3519 2960 honestis
3543 2935 3572 2979 ,
3598 2905 3699 2959 an
3743 2875 3969 2958 secus
3996 2876 4281 2958 amicis

1503 3025 1927 3084 »uteretur
1949 3060 1979 3105 ,
2029 3001 2082 3081 fi
2136 3001 2428 3086 ducem
2480 3000 2749 3089 amota
2785 2999 3088 3089 invidia
3142 3005 3556 3117 egregium
3585 3062 3613 3106 ,
3653 2998 3889 3113 quam
3930 3000 3986 3083 si
4030 3031 4282 3116 pecu-

1501 3127 1886 3211 »niosum
1934 3136 2018 3212 &c
2067 3126 2321 3241 gratia
2373 3128 2796 3214 subnixum
2852 3161 2994 3245 per
3042 3129 3430 3215 ambitum
3491 3127 3879 3240 deligeret
3902 3164 3990 3206 »-
4045 3153 4069 3168 “

1631 3254 1846 3337 VII.
1910 3256 2155 3338 Hinc
2189 3281 2424 3365 atque
2461 3254 2654 3341 talia
2692 3256 3210 3370 vulgantibus
3234 3316 3261 3360 ,
3304 3261 3536 3342 Nero
3576 3263 3657 3339 &
3704 3252 4284 3361 «juventutem

1504 3380 1975 3492 »proximas
2013 3410 2154 3494 per
2191 3383 2647 3495 provincias
2697 3384 3090 3493 quaesitam
3128 3379 3589 3496 supplendis
3622 3381 3982 3463 Orientis
4008 3372 4283 3490 legio-

1506 3500 1807 3587 »nibus
1847 3505 2327 3610 admovere,
2377 3504 2902 3620 legionesque
2930 3509 3133 3622 ipsas
3201 3509 3528 3620 propius
3575 3506 4043 3589 Armeniam
4103 3502 4284 3589 col-

1505 3625 1832 3714 »locari
1859 3664 1904 3707 i>
1945 3626 2196 3737 jubet.
2253 3668 2297 3709 «
2329 3633 2724 3745 Duosque
2762 3662 3073 3720 veteres
3129 3660 3354 3747 reges
3412 3634 3860 3748 Agrippam
3892 3628 3928 3674 ⁶
3980 3639 4065 3715 ὃ(
4116 3635 4283 3713 An-

1591 3856 1612 3885 ¹
1658 3846 1814 3908 an
1838 3847 2222 3936 Qumjvere
2250 3849 2655 3930 quidemfine
2676 3851 2850 3915 anni.
2922 3890 2925 3895 -
3011 3861 3032 3906 5
3080 3853 3285 3926 QUAM
3342 3871 3520 3912 Tuus
3563 3848 3593 3923 ]
3650 3847 3846 3928 Magis
3925 3847 4068 3907 uim
4107 3847 4274 3911 telis.

1507 3923 1731 3986 Annos
1770 3944 1941 3986 enim
1978 3926 2421 4003 septemdecim
2467 3930 2730 4010 egressus
2770 3932 2883 3993 est.
2928 3930 3141 3992 Genus
3177 3927 3431 3990 dicendi
3459 3926 3687 3991 Tacito
3722 3929 3791 3991 ὃ(
3826 3922 3915 3986 his
3942 3924 4133 3989 oricis
4174 3925 4276 3989 fa-

1508 4002 1688 4063 Nero
1726 4004 1962 4093 XVIII..
2002 4004 2143 4066 Kal.
2191 4006 2549 4084 Januarias,
2600 4009 2705 4073 seii
2748 4008 2852 4071 die
2927 4006 3195 4068 miliare.
3776 4086 3779 4089 Ι
3867 4080 3882 4093 α

1517 4099 1612 4195 ¹5²
1628 4079 2328 4225 {fictegblll'lgammsro
2358 4167 2387 4241 ]
2423 4162 2672 4227 Βεάῐίο
2713 4162 2848 4227 dic·
2926 4087 3055 4252 qu}
3070 4083 3585 4251 Agffizizgnsgpg
3609 4081 4147 4251 estmssffiippffi}1‚‚·
4169 4081 4275 4222 κάξ.

1507 4251 1644 4301 tum
1683 4237 1856 4317 supra
1906 4240 2123 4300 Annal.
2161 4242 2277 4300 Xll
2301 4288 2320 4316 ,
2356 4247 2436 4319 48
2464 4243 2533 4304 &
2570 4262 2669 4321 5¹·
2929 4240 3087 4302 olim
3131 4237 3449 4330 chalcidis
3485 4259 3638 4330 rex3
3678 4255 3827 4303 tunc
3878 4238 4152 4321 Philippi

1588 4326 1610 4368 ³
1659 4318 1982 4392 Qum-mm
2013 4339 2096 4379 Ao
2135 4340 2347 4381 nontin
2382 4324 2649 4397 nnnssiz]
2678 4322 2848 4382 Unus
2928 4318 3208 4398 Lysaniae
3272 4317 3628 4381 tetrarchias
3682 4319 4060 4408 potiebatur.
4127 4318 4272 4379 Hoc

1509 4408 1618 4455 aut
1655 4395 1810 4458 alter
1846 4415 2041 4457 annus
2081 4395 2308 4460 deerat.
2345 4399 2481 4461 Nec
2511 4397 2577 4459 in
2608 4397 2850 4460 Princi-
2973 4418 3185 4489 noque
3223 4396 3429 4487 primo
3465 4399 3741 4459 Neronis
3776 4418 3946 4460 anno
3985 4397 4271 4477 Agrippa:

1508 4469 1691 4549 pibus
1726 4472 1917 4547 anni,
1964 4473 2065 4537 sed
2099 4474 2342 4538 animus
2378 4476 2758 4567 speeiandus.
2929 4416 3282 4567 domina-tio
3308 4479 3480 4566 aneia
3505 4475 3586 4538 est
3607 4492 3777 4566 parte
3807 4475 4109 4566 Galilaeae3
4143 4470 4269 4533 sci-

1589 4558 1623 4598 4
1662 4553 2158 4629 Nouonizciuo]
2192 4555 2470 4617 Velleius
2499 4554 2850 4619 Paterculus
2927 4555 3079 4618 licet
3119 4555 3456 4618 Tiberiade
3482 4601 3503 4630 ‚
3556 4552 3889 4617 Tarichaeis
3920 4599 3939 4627 ,
3985 4550 4266 4637 Juliade,

1512 4625 1617 4700 Il,
1665 4636 1765 4690 61.
1817 4630 1993 4691 Caius
2059 4630 2289 4711 Coeftzr,
2331 4631 2595 4694 decimum
2647 4654 2850 4693 nonum
2927 4636 3080 4697 urbe
3136 4636 3350 4696 Peraeae
3405 4634 3476 4695 &
3543 4631 3703 4694 vicis
3810 4627 4265 4693 uatuordecim.

1509 4719 1716 4763 annum
1754 4706 2016 4788 ingreffus
2039 4758 2056 4785 ,
2101 4712 2242 4771 mira
2294 4713 2456 4792 aust&
2477 4757 2498 4787 ‚
2540 4732 2608 4771 ac
2632 4712 2849 4792 fim'mza
2926 4711 3086 4776 Vide
3114 4710 3481 4790 Josephum,
3505 4708 3722 4788 Antiq.
3794 4709 3897 4769 ud.
3929 4707 4084 4777 XX,
4112 4709 4166 4766 8.
4190 4703 4265 4765 δε

1510 4780 1862 4859 consecutus,
1899 4788 2118 4858 privato
2171 4788 2428 4879 consilio,
2476 4791 2732 4851 ma‘orem
2752 4793 2850 4870 se-
2923 4793 3196 4854 Stemma
3241 4788 3604 4856 Herodum,
3637 4806 3808 4847 num.
3858 4806 3918 4859 9.
3955 4784 4022 4844 in
4068 4785 4261 4845 Notis

1509 4874 1651 4914 natu
1704 4876 1802 4932 pro
1849 4863 2124 4934 republica
2177 4888 2419 4929 animum
2474 4868 2545 4928 ha
2585 4870 2685 4930 uit.
2749 4870 2846 4933 De
2923 4871 2993 4932 ὃ(
3050 4863 3607 4932 Emendationibus
3672 4863 3753 4926 ad
3811 4863 4039 4925 Annal-
4098 4861 4265 4938 XII,

1507 4935 1814 5016 Pompeio
1835 4937 1983 5002 vide
2013 4945 2286 5012 Stemma
2324 4947 2551 5013 Caesar.
2577 4967 2750 5014 num·
2780 4969 2844 5027 7·
2920 4966 3023 5024 ²3·

4389 1133 4433 1217 5

4351 2391 4445 2472 ¹5

4336 3018 4445 3070 20

4336 3650 4441 3729 25

4537 1974 4561 2036 ’ἕ
