4975 6149
1501 471 1677 571 248
2003 457 2105 543 c,
2237 446 3065 540 CORNELII
3189 446 3775 541 TACITI

1496 627 1757 716 milite
1782 685 1811 731 ,
1871 626 2012 735 qui
2062 619 2169 708 ob
2243 619 2551 734 insigne
2616 618 2979 734 corporis
3031 612 3278 701 robur
3330 608 3732 728 adstabat,
3794 618 4284 745 corripitur,

1216 736 1446 788 A.U.c.

1263 829 1411 890 818.

1267 939 1317 991 J.
1351 942 1414 991 C.

1281 1037 1382 1105 ⁶5·

1496 759 2035 864 vinciturque.
2360 822 2363 823 γ
4197 851 4204 857 1

1534 950 1539 955 -
1621 881 1943 968 LXVI
1956 880 2023 962 Ι.
2088 877 2333 961 Mox
2390 873 2862 959 eorumdem
2890 873 3199 957 indicio
3233 873 3565 959 Subrius
3593 873 3923 962 Flavius
3952 938 3981 983 ,
4020 880 4278 966 tribu-

1496 1042 1645 1095 nus
1671 1070 1699 1114 ,
1737 1007 2216 1123 pervertitur
2241 1061 2269 1105 ,
2322 1005 2588 1117 primo
2655 1034 2701 1076 c<
2746 998 3467 1083 dissimilitudinem
3517 1031 3841 1084 morum
3879 1038 3924 1079 2>
3984 1007 4085 1091 ad
4127 1009 4273 1093 de-

1493 1138 1937 1224 fensionem
2005 1133 2380 1232 trahens,
2450 1162 2498 1203 c<
2546 1154 2807 1236 neque
2855 1126 2935 1209 se
2991 1152 3384 1210 armatum
3447 1157 3635 1210 cum
3692 1130 4131 1218 inermibus
4187 1142 4300 1219 δε·
4386 1144 4450 1231 5·

1492 1262 2039 1350 »effeminatis
2121 1282 2439 1340 tantum
2503 1252 2820 1336 facinus
2900 1253 3556 1337 consociaturum
3611 1289 3698 1339 ».
3759 1257 3984 1341 Dein
4058 1263 4271 1376 post-

1496 1421 1737 1505 quam
1778 1384 2219 1502 ‘urgebatur
2246 1442 2275 1486 ,
2331 1379 2843 1467 confessionis
2910 1376 3255 1492 gloriam
3309 1379 3726 1496 amplexus
3751 1441 3777 1485 ,
3825 1385 4272 1500 interroga-

1494 1519 1780 1628 tusque
1824 1546 1869 1597 a
1921 1517 2313 1612 Nerone,
2361 1505 2651 1619 quibus
2703 1505 2951 1590 causis
3004 1507 3105 1593 ad
3163 1504 3671 1592 oblivionem
3723 1509 4203 1597 sacramenti
4237 1526 4272 1592 ¹.

1494 1640 2018 1759 processiss‘et:
2088 1671 2134 1712 α
2167 1634 2529 1719 Oderam
2577 1662 2660 1719 te
2691 1641 2723 1676 ²
2749 1666 2796 1708 2>
2839 1634 3104 1743 inquit
3130 1692 3159 1737 ,
3211 1669 3257 1710 «
3297 1664 3449 1719 nec
3503 1636 3917 1747 quisquam
3962 1637 4107 1722 tibi
4170 1641 4267 1722 fi-

1493 1765 1821 1854 »delior
1859 1763 2214 1848 militum
2251 1761 2405 1843 fuit
2430 1820 2459 1868 ,
2505 1760 2702 1844 dum
2747 1763 2996 1842 amari
3040 1761 3431 1844 meruisti:
3474 1760 3718 1846 odiss‘e
3750 1767 4025 1878 coepi,
4065 1767 4268 1880 post-
4336 1774 4448 1837 ¹0·

1493 1925 1803 2008 »quam
1839 1889 2230 2007 parricida
2275 1889 2554 1970 matris
2617 1894 2700 1971 &
2753 1887 3082 1991 uxoris,
3149 1895 3232 1972 ὅ(
3298 1890 3622 2001 auriga,
3673 1897 3760 1974 ὅ(
3813 1892 4086 1974 histrio
4112 1953 4141 1997 ,
4181 1900 4267 1976 ὃ(

1483 2020 2097 2107 ωἰηοεηόἰειτίιιε
2135 2015 2490 2099 exstitisti
2517 2049 2605 2100 ».
2653 2012 2838 2128 Ipsa
2863 2012 3104 2098 retuli
3135 2011 3428 2119 verba,
3467 2018 3652 2127 quia
3690 2047 3859 2101 non
3909 2044 4000 2101 ut
4025 2020 4267 2103 Sene·-

1496 2179 1657 2250 cae,
1719 2143 2050 2255 vulgata
2117 2166 2388 2225 erant:
2444 2171 2602 2224 nec
2673 2142 2935 2222 minus
3000 2142 3227 2225 nosci
3289 2140 3630 2229 decebat
3678 2140 4045 2229 militaris
4111 2145 4266 2230 viri

1493 2273 1764 2355 sensus
1809 2273 2273 2381 incomptos
2315 2274 2401 2349 ὅ(
2447 2262 2789 2348 validos.
2841 2261 3085 2347 Nihil
3129 2268 3217 2349 in
3275 2262 3416 2346 illa
3469 2263 4027 2371 conjuratione
4080 2300 4267 2381 gra-

1499 2400 1677 2482 vius
1711 2393 2030 2479 auribus
2068 2394 2428 2475 Neronis
2469 2387 2842 2473 accidiss‘e
2882 2391 3290 2493 constitit,
3331 2392 3467 2500 qui
3518 2419 3609 2475 ut
3658 2392 4051 2478 faciendis
4088 2395 4265 2478 sce·
4341 2404 4443 2485 15

1495 2519 1794 2606 letibus
1838 2543 2310 2633 promptus,
2360 2519 2474 2601 ita
2515 2514 2948 2619 audiendi,
3011 2546 3181 2627 quae
3244 2516 3600 2622 faceret,
3663 2516 4017 2603 insolens
4070 2546 4267 2607 erat.

1495 2652 1749 2735 Poena
1783 2645 2046 2732 Flavii
2096 2640 2415 2750 Vejano
2463 2645 2788 2754 Nigro,
2845 2640 3228 2748 tribuno,
3275 2644 3721 2728 mandatur.
3774 2646 3852 2728 Is
3892 2649 4270 2759 proximo

1495 2779 1582 2860 in
1632 2803 1828 2888 agro
1873 2770 2242 2857 scrobem
2284 2769 2536 2855 effodi
2575 2760 2798 2874 juffit'
2827 2777 2900 2871 ³,
2949 2799 3188 2880 quam
3226 2767 3552 2855 Flavius
3591 2797 3686 2855 ut
3730 2769 4124 2860 humilem
4180 2781 4266 2857 ὅ(

1497 2902 1907 3014 angustam
1979 2900 2401 3012 increpans
2426 2953 2455 2999 ,
2518 2893 3214 2979 circumstantibus
3288 2893 3724 3001 militibus,
3783 2931 3828 2985 <c
3892 2901 4029 2991 Ne
4097 2902 4263 2987 hoc

1493 3026 1887 3140 »quidem
1928 3058 2021 3129 n,
2069 3025 2332 3136 inquit
2363 3082 2392 3127 ,
2464 3054 2511 3098 «
2549 3049 2653 3106 ex
2690 3018 3117 3136 disciplina
3147 3056 3229 3106 »z
3295 3022 3909 3135 admonitusque
3944 3023 4262 3112 fortiter
4319 3057 4440 3118 20

1494 3152 1977 3271 protendere
2007 3154 2456 3236 cervicemt
2506 3151 3004 3253 «Utinam»,
3031 3152 3184 3254 ait,
3231 3184 3275 3232 (ς
3290 3176 3381 3235 tu
3405 3178 3569 3236 tam
3596 3151 3911 3237 sortiter
3925 3150 4290 3244 ferias»,-

1497 3290 1582 3366 &
1620 3278 1760 3364 ille
1802 3274 2148 3362 multum
2185 3304 2536 3362 tremens
2566 3337 2598 3381 ,
2639 3280 2826 3361 cum
2865 3278 3008 3384 vix
3044 3274 3359 3362 duobus
3405 3275 3686 3363 ictibus
3713 3339 3742 3383 ,
3798 3305 4040 3391 caput
4091 3311 4267 3364 am-

1439 3435 1461 3451 ²
1495 3407 1919 3524 putavisset
1947 3464 1973 3508 ,
2039 3405 2414 3488 saevitiam
2490 3402 2703 3518 apud
2757 3406 3186 3487 Neronem
3238 3400 3614 3510 janam,
3681 3440 3727 3482 (ι
3768 3402 4265 3520 sesquiplaga

1490 3533 2061 3617 »interfectum
2110 3563 2157 3615 a
2196 3531 2276 3614 se
2305 3565 2348 3607 »
2392 3528 2770 3617 dicendo.

1618 3658 2072 3744 LXVIII.
2138 3659 2699 3742 PROXIMUM
2790 3657 3245 3742 constantiae
3325 3656 3793 3777 exemplum
3858 3655 4268 3775 Sulpicius
4324 3694 4370 3745 2
4384 3686 4440 3770 ς

1492 3785 1802 3900 Asper,
1870 3785 2293 3888 centurio,
2362 3783 2739 3900 praebuit:
2811 3790 3366 3898 percunCtanti
3443 3790 3815 3889 Neroni,
3887 3820 3934 3862 <c
3987 3817 4132 3871 cur
4180 3789 4267 3872 in

1490 3912 1856 3996 »caedem
1908 3911 2132 3994 suam
2178 3911 2912 4026 conspiraviffet»?
2972 3910 3325 3999 breviter
3352 3912 3889 4028 respondens:
3962 3946 4007 4003 <c
4060 3917 4266 4006 Non

1488 4073 1535 4116 >2
1555 4033 1784 4121 aliter
1808 4062 1934 4120 tot
1961 4037 2285 4147 flagitiis
2310 4034 2478 4144 ejus
2521 4035 2926 4120 subveniri
2954 4041 3292 4150 potuiffe
3318 4049 3355 4098 4
3383 4073 3429 4118 »
3449 4102 3470 4123 .
3516 4040 3732 4123 Tum
3777 4035 4057 4146 jussam
4085 4071 4267 4156 poe-

1492 4193 1680 4258 nam
1727 4159 1993 4250 subiit.
2045 4165 2235 4252 Nec
2289 4166 2540 4262 ceteri
2583 4164 3096 4253 centuriones
3141 4167 3229 4247 in
3277 4166 3820 4299 perpetiendis
3853 4166 4270 4285 suppliciis

1568 4447 1587 4477 ¹
1635 4437 1735 4499 An
1768 4458 2178 4516 ontrvrouam
2223 4455 2634 4500 sAcnaunurx
2666 4437 2697 4512 ]
2729 4436 2836 4496 Ju-
2913 4433 3256 4513 plestendis
3280 4437 3566 4504 sontibus
3598 4439 3835 4506 effoffas
3865 4437 4136 4503 vidimus
4166 4435 4263 4500 su-

1487 4514 1709 4579 rabant
1756 4514 1993 4579 scilicet
2027 4516 2261 4580 milites
2300 4514 2560 4579 salutem
2604 4514 2836 4578 Princi·
2913 4517 3024 4596 pra
3049 4518 3276 4582 Annal.
3305 4521 3369 4596 1,
3409 4526 3513 4582 61.

1533 4593 1582 4655 is
1639 4592 1753 4655 fibi
1813 4597 1994 4657 rebus
2047 4594 2345 4659 omnibus
2405 4594 2834 4684 antiquiorem
2991 4603 3023 4645 4
3059 4599 3413 4663 Susvssuuu
3449 4598 3792 4672 ror-mssa]
3818 4594 4047 4658 Eadem
4063 4594 4264 4661 verba
4303 4593 4314 4600 ’

1518 4691 1648 4734 ore.
1689 4671 1853 4736 Vide
1895 4677 2095 4738 Notas
2129 4676 2200 4742 8<
2240 4674 2736 4739 Emendauones
2757 4675 2836 4739 ad
2913 4673 3133 4739 recitat
3175 4676 3302 4741 Dio
3326 4724 3342 4752 ,
3375 4679 3574 4738 an.
3603 4695 3737 4763 pag.
3768 4695 3834 4752 7¹
3853 4693 3906 4747 3.
3937 4674 4074 4733 Huc
4145 4695 4267 4737 uo-

1484 4748 1716 4810 Annal.
1750 4752 1896 4827 XV,
1944 4759 2050 4833 67.
2914 4773 3038 4833 que
3061 4755 3283 4834 spectat
3298 4754 3631 4817 Suetonius
3651 4795 3670 4825 ,
3696 4771 3761 4812 m
3793 4752 3944 4839 Ner.
3964 4752 4080 4812 XX
4149 4754 4263 4824 Vl.

1563 4835 1590 4864 2
1635 4829 1926 4889 Onerum
1945 4835 2068 4909 τε]
2093 4831 2256 4896 Vide
2282 4833 2486 4898 Notas
2512 4834 2584 4900 &
2608 4837 2833 4899 Emen-
2915 4833 3231 4897 Nonnulli
3286 4831 3474 4896 etiam
3521 4829 3758 4893 crimen
3827 4844 4217 4909 imputarunt
4239 4874 4264 4905 ,

1486 4902 1776 4970 dationes
1819 4907 1899 4967 ad
1932 4911 2157 4972 Annal.
2202 4915 2352 4984 XV,
2381 4918 2484 4993 67.
2916 4930 3185 4992 tamquam
3227 4909 3390 4969 aliter
3421 4907 3506 4969 illi
3549 4927 3657 4969 non
3705 4901 3906 4997 ppffent
3950 4906 4057 4989 nili
4093 4926 4267 4970 morte

1566 4989 1589 5050 ,3
1635 4984 1941 5050 Senonum
1986 5009 2211 5052 esrom
2265 4997 2529 5072 iussn]
2566 4993 2832 5060 Scrobes
2896 4985 3859 5073 ficccurterqdedecoratoflaguiis·
3878 4986 4147 5056 omnibus,

3650 5074 4270 5193 degeneravere.
