4975 6149
1515 460 1700 540 490
1897 428 2350 515 NoTAE
2426 422 2603 546 ET
2670 410 3901 507 EMENDATIONES

1519 577 1697 659 ante
1721 582 1985 658 Thoth
2016 578 2341 680 Philippi
2373 576 2614 653 Roma
2639 572 3115 652 aSenonibus
3156 570 3453 647 incensa
3488 566 3680 664 fuit)
3716 564 3996 643 menses
4028 565 4212 644 item
4239 571 4310 648 δε

1523 684 1683 760 dies
1718 683 1907 758 inter
1938 700 2242 783 utraque
2291 677 2638 754 incendia
2661 734 2685 768 ,
2729 672 3290 752 intercessifi'ent.
3338 667 3870 745 Difficultatem
3918 669 4114 743 haud
4163 673 4309 744 mi-

1518 783 1693 862 nuit
1714 836 1735 871 ,
1774 801 1995 884 auget
2042 779 2294 880 potins
2322 780 2563 865 codex
2591 778 2726 855 Ms.
2764 778 2945 876 Agr.
2972 774 3166 850 Nam
3199 773 3370 848 cum
3412 771 3604 845 inter
3628 789 3932 872 utraque
3963 769 4311 848 incendia

1525 881 1943 959 effluxerint
2009 883 2181 957 anni
2245 902 2395 980 453
2449 937 2473 972 ,
2524 878 2577 953 fi
2630 878 2770 953 hos
2828 901 3061 951 annos
3112 870 3601 974 duplicaveris
3641 925 3662 960 ,
3718 869 3844 944 hic
3919 894 4145 944 annus
4210 871 4302 946 ab

1520 981 1741 1059 -Urbe
1777 980 2080 1059 condita
2115 1005 2456 1058 nccccvl
2501 977 2638 1055 erit
2682 974 3209 1061 numerandus,
3269 972 3397 1076 qui
3446 992 3737 1061 tamen,
3791 992 3878 1045 ut
3922 971 4314 1046 certisfimis

1522 1083 2022 1160 monumentis
2045 1081 2350 1171 constat,
2372 1080 2512 1156 fuit
2527 1100 2808 1154 tantum
2820 1101 3048 1151 annus
3065 1096 3455 1150 ncccxvu.
3488 1070 3744 1172 Itaque
3767 1126 3788 1161 ,
3805 1071 3975 1145 cum
3994 1071 4315 1170 opiniofi

1525 1182 1871 1258 homines
1915 1208 2074 1257 non
2122 1204 2270 1258 tam
2324 1180 2623 1257 obviam
2676 1179 3061 1254 veritatem
3092 1230 3113 1265 ,
3160 1174 3378 1276 quam
3437 1170 3777 1246 abstrusas
3846 1170 4311 1285 antiquitates

1519 1283 1885 1358 fectenmr
1909 1340 1934 1375 ,
1977 1282 2286 1358 arbitror
2322 1280 2611 1357 otiosos
2641 1278 2810 1354 illos
2834 1276 3213 1354 Romanos
3251 1297 3408 1348 non
3457 1295 3502 1346 a
3538 1271 3841 1373 vulgata
3865 1270 4090 1347 Urbis
4128 1298 4310 1347 con-

1529 1381 1705 1458 ditae
1733 1384 1881 1458 aera
1905 1436 1926 1471 ,
1961 1382 2092 1459 sed
2128 1381 2221 1459 ab
2268 1382 2414 1457 alia
2456 1380 2855 1457 remotiore
2886 1384 2957 1454 &
2995 1372 3417 1453 abstrufiore
3445 1428 3467 1462 ,
3517 1369 3867 1449 Romanis
3903 1371 4134 1472 vulgo
4185 1372 4310 1447 in·-

1534 1483 1957 1583 comperta‚
1999 1482 2573 1585 computationis
2601 1481 2744 1556 suae
2788 1476 3190 1580 primordia
3230 1501 3308 1550 re
3365 1472 3614 1549 etiifl'e.
3650 1471 3771 1546 Sic
3813 1471 4166 1560 Timaris,
4201 1473 4315 1547 Si·-

1533 1582 1745 1657 culus
1766 1639 1786 1672 ,
1811 1583 2008 1684 apud
2038 1583 2478 1686 Dionyfium
2515 1577 3207 1657 Halicarnaffensem
3228 1632 3251 1666 ,
3296 1579 3300 1583 *
3362 1598 3607 1665 ornam
3640 1570 3908 1647 eodem
3940 1596 4092 1673 quo
4129 1572 4311 1648 Car·-

1535 1683 1915 1783 thaginem
1948 1709 2145 1759 anno
2171 1742 2192 1775 ,
2225 1682 2592 1787 trigesimo
2618 1706 2884 1781 nempe
2918 1682 3183 1754 octavo
3213 1695 3381 1750 ante
3415 1674 3720 1775 primam
3743 1671 4264 1773 Olympiadem
4287 1726 4313 1764 ,

1527 1781 1917 1858 conditam
1941 1785 2140 1874 vult3
2175 1809 2261 1860 ac
2309 1782 2626 1886 proinde
2653 1782 2812 1882 plus
2843 1781 3061 1883 quam
3084 1776 3457 1880 sexaginta
3484 1773 3688 1848 annis
3728 1791 3896 1847 ante
3937 1770 4311 1946 vutllgarem

1527 1880 1753 1957 Urbis
1799 1883 2122 1960 conditae
2157 1909 2394 1963 aeram.
2428 1882 3030 1997 Antiquariorum
3075 1878 3237 1952 aliae
3290 1874 3530 1950 adhuc
3554 1892 3954 1976 potuerunt
3979 1895 4020 1946 e
4075 1898 4115 1948 e
4143 1875 4309 1950 sen-

1531 1981 1810 2057 tentiae.
1838 1983 1928 2057 Id
1955 1983 2152 2059 enim
2181 2010 2409 2086 genus
2442 1983 2826 2058 hommum
2882 1979 2983 2057 est
3009 1975 3481 2054 somniosum.

1638 2080 2160 2180 Nummumr]
2198 2088 2314 2160 Ita
2370 2081 2541 2159 libri
2590 2082 2838 2183 scripti
2883 2087 2953 2156 &
2998 2078 3204 2155 editi.
3259 2075 3512 2152 Multis
3537 2072 3822 2178 placet,
3855 2098 4307 2149 numerarent:

1525 2205 1674 2258 nec
1715 2181 1933 2258 nobis
1962 2184 2316 2286 displicet.
2351 2185 2454 2260 At
2477 2209 2637 2258 non
2670 2203 2973 2284 peccat,
3005 2202 3360 2254 numerent.

1639 2377 1855 2457 CAP.
1909 2380 2138 2458 XLII.
2190 2381 2801 2464 Exsmumouss
2854 2386 3214 2475 nomm]
3271 2378 3464 2455 Haec
3523 2378 3625 2454 est
3674 2375 3987 2453 Neronis
4046 2377 4307 2452 domus

1530 2504 1789 2576 aurea,
1839 2506 1999 2582 quae
2042 2483 2233 2558 inter
2275 2478 2473 2554 orbis
2505 2480 2894 2571 miracula,
2925 2506 3019 2556 an
3048 2500 3436 2581 portenta,
3467 2478 3718 2555 referri
3767 2477 4037 2554 debeat
4070 2476 4306 2552 incer·

1529 2601 1709 2655 tum.
1770 2579 1880 2654 Ut
1922 2601 2171 2680 pateat
2215 2580 2565 2655 immensa
2596 2580 2951 2683 Principis
2991 2580 3322 2671 luxuria,
3361 2580 3658 2681 hujusce
3712 2578 3972 2653 domus
4018 2576 4310 2666 locum,

1528 2703 1649 2752 am
1703 2678 2135 2768 litudinem,
2193 2677 2810 2781 magnificentiam
2836 2737 2859 2773 ,
2913 2680 3285 2756 fortunam
3313 2735 3349 2772 ,
3384 2687 3455 2757 δε
3504 2705 3665 2786 quae
3722 2704 3925 2754 nunc
3975 2696 4310 2754 maneant

1528 2803 1616 2854 ru
1670 2804 1835 2871 era,
1871 2779 2122 2882 paucis
2162 2779 2569 2882 expediam.

2122 2956 2323 3072 De
2394 2957 2862 3073 Neronis
2931 2959 3321 3077 Aurea*
3368 2962 3724 3076 d0m0.

1550 3185 1556 3191 '
1643 3182 1786 3258 Nn
1811 3209 1860 3259 R
1889 3207 1982 3273 o,
2033 3183 2477 3284 majestatem
2536 3186 2734 3262 suam
2787 3185 3092 3289 Augusti
3122 3240 3144 3277 ,
3205 3184 3543 3277 Tiberii,
3601 3181 3913 3287 Caiique
3979 3179 4313 3258 domibus

1537 3284 1884 3358 coarctari
1917 3302 2109 3359 ratus
2135 3338 2156 3373 ,
2208 3285 2399 3361 forte
2456 3288 2677 3362 etiam
2727 3285 3007 3388 Cyrum
3070 3286 3446 3363 aemulatus
3473 3343 3495 3378 ,
3546 3283 3670 3387 qui
3692 3340 3713 3375 ,
3776 3282 3953 3359 teste
4012 3280 4257 3358 Plinio
4288 3336 4312 3371 ,

1534 3383 1859 3460 XXXIII
1883 3438 1906 3472 ,
1944 3407 1983 3480 3
2010 3439 2030 3472 ,
2063 3411 2289 3458 aureas
2323 3413 2603 3463 cameras
2638 3390 2714 3462 ὃ·
2737 3410 3070 3487 argenteas
3094 3390 3304 3462 trabes
3328 3443 3349 3478 ,
3388 3389 3464 3463 &¹
3492 3391 3853 3473 columnas,
3879 3407 4070 3483 atque
4094 3383 4316 3478 paral-'-

1530 3489 1767 3558 taticas
1799 3482 2185 3575 habuerat,
2220 3486 2682 3587 magnificam
2724 3486 3026 3561 domum
3065 3486 3246 3563 fecit
3269 3543 3290 3578 ,
3327 3510 3543 3590 quarn
3566 3484 4024 3581 Transttoriam
4056 3480 4316 3581 appel-

1539 3581 1751 3656 lavit.
1805 3581 1915 3659 Ea
1947 3582 2170 3659 Urbis
2208 3584 2563 3664 incendio
2605 3585 2988 3689 absumpta
3009 3641 3031 3679 ,
3076 3587 3333 3702 patriae
3370 3586 3595 3663 ruinis
3638 3583 3800 3659 usus
3847 3580 3948 3657 est
3971 3637 3995 3672 ,
4051 3603 4137 3655 ut
4181 3580 4319 3654 im-

1537 3682 1793 3758 menso
1839 3682 2115 3758 ambitu
2143 3740 2165 3775 ‚
2200 3689 2477 3787 majore
2519 3688 2674 3764 sum
2727 3708 2808 3763 tu
2832 3744 2856 3779 ,
2890 3687 3437 3792 eruditioreque
3467 3687 3642 3762 luxu
3667 3708 3938 3760 novam
3964 3681 4308 3770 domum,

1536 3801 1666 3855 aut
1711 3782 1964 3882 potius
2013 3784 2270 3860 urbem
2331 3786 2415 3862 in
2462 3788 2623 3891 ipsa
2742 3789 2872 3865 rbe
2899 3844 2924 3881 ,
2985 3787 3364 3866 conderet.
3420 3789 3510 3862 In
3566 3788 3707 3862 hac
3762 3783 3989 3860 domo
4015 3837 4038 3873 ,
4104 3804 4316 3884 quam

1540 3884 1832 3958 Auream
1868 3883 2317 3977 nominavit,
2357 3891 2535 3965 haud
2556 3891 2824 3987 perinde
2859 3917 3126 3990 gemmoe
3173 3893 3249 3965 Gr
3294 3917 3525 3965 aurum
3570 3889 3881 3961 miraculo
3919 3901 4161 3967 erant,
4188 3884 4316 3977 fi)-

1538 3983 1668 4056 lita
1701 3985 1959 4080 pridem
2006 3986 2082 4060 &¹
2118 3988 2284 4060 luxu
2313 3993 2590 4091 vulgata
2613 4044 2638 4083 ,
2675 3992 2869 4093 quam
2898 4018 3065 4066 arva
3095 3993 3171 4066 &¹
3194 3989 3476 4090 stagna,
3526 3988 3602 4060 ἔν’
3628 3993 3698 4060 in
3726 3988 3980 4059 modum
4038 3982 4317 4088 aliiudi-

1536 4104 1692 4154 num
1736 4084 2075 4183 hincfilvae
2099 4141 2122 4177 ,
2159 4088 2305 4163 inde
2343 4114 2572 4187 aperta
2602 4094 2834 4189 spatia
2859 4093 2935 4165 ὃ*
2956 4092 3338 4187 prospebius.
3376 4085 3614 4163 Tacit.
3652 4084 3921 4159 Annal.
4029 4082 4138 4173 V,
4180 4105 4312 4181 42.

1534 4178 1745 4258 Nero
1793 4188 2096 4287 ejusmodi
2132 4191 2387 4263 domum
2431 4193 2576 4265 cum
2603 4193 2960 4287 absolutam
2992 4192 3352 4276 dedicaret,
3399 4188 3698 4260 hastenus
3740 4185 4216 4281 comprobavit,
4252 4202 4321 4252 ur

1521 4284 1598 4378 fi
1621 4283 1854 4358 diceret
1875 4285 2057 4385 quast
2094 4289 2405 4363 hominem
2439 4293 2695 4365 tandem
2722 4292 3012 4362 habitare
3064 4287 3319 4385 coepifflt.
3366 4284 3670 4363 Sueton.
3703 4286 3784 4361 in
3835 4284 4012 4360 Ner.
4053 4279 4311 4358 XXXI.

1537 4380 1681 4458 Vix
1715 4403 1905 4460 ratus
1938 4386 2012 4460 se
2051 4387 2293 4463 adhuc
2316 4388 2509 4510 quasi
2547 4388 2962 4488 Principem
3003 4386 3354 4463 habitare.

1543 4536 1560 4587 .·
1646 4481 1937 4561 Domus
1994 4485 2122 4561 illa
2163 4513 2204 4561 a
2248 4488 2372 4562 via
2418 4487 2636 4563 Sacra
2685 4495 2755 4564 δε
2802 4489 3092 4586 palatio,
3138 4489 3265 4565 seu
3322 4486 3625 4591 Augusti
3676 4487 3905 4562 domo
3935 4538 3952 4564 ‚
4000 4485 4324 4583 Esquilias

1536 4583 1723 4681 ufipae
1826 4586 2369 4663 rotendebatur.
2414 4588 2717 4664 Sueton.
2762 4587 2915 4665 loc.
2954 4591 3081 4666 cit.
3118 4589 3408 4690 Nempe
3451 4587 3757 4689 spatium
3794 4586 3872 4658 in
3926 4607 4051 4655 ens
4109 4582 4317 4655 loca-

1537 4706 1683 4792 que
1720 4683 1746 4755 i
1807 4709 1848 4757 a
1879 4685 2263 4763 obtinebat
2290 4743 2310 4777 ,
2337 4689 2467 4764 ubi
2517 4714 2715 4766 nunc
2741 4690 3058 4766 ecclefiae
3086 4691 3343 4765 sanstae
3367 4686 3762 4763 Franciscae
3785 4740 3805 4773 ,
3882 4680 4069 4756 aneti
4095 4678 4152 4754 F
4157 4704 4322 4753 ran·-

1545 4781 1722 4853 crsci
1771 4783 1862 4857 de
1913 4786 2181 4878 Paula,
2216 4788 2434 4865 sancti
2481 4792 2677 4866 Petri
2724 4789 2818 4865 ad
2859 4790 3217 4880 Vincula,
3256 4787 3895 4892 Amphitheatrum
3922 4836 3943 4871 ,
3978 4804 4179 4855 nunc
4209 4785 4330 4852 Co-

1543 4878 1762 4973 iqffw,
1805 4882 1931 4958 Vel
1975 4888 2032 4959 le
2083 4892 2322 4990 Colise'e
2348 4946 2372 4987 ,
2419 4890 3062 4971 ThermarumTiti
3109 4889 3411 4983 rudera,
3447 4885 3748 4965 ecclelia
3780 4883 4035 4961 sanfiae
4075 4879 4323 4957 Mariae
