4975 6149
1484 340 1659 534 395
1869 420 2317 509 NOTAE
2389 414 2569 501 ET
2661 411 3875 503 EMENDATIONES

1472 583 1664 681 petza
1709 579 1959 678 repente
1993 579 2209 650 territi
2227 629 2252 665 ,
2257 573 2510 672 semper
2534 572 2875 674 advetsctm
2898 577 3213 675 Byzantii
3237 579 3756 671 promontorium
3780 634 3801 662 ,
3856 601 3942 651 ex
3972 579 4051 653 ed
4088 591 4299 664 causa

1484 686 1883 781 appellatum
1926 678 2135 751 Aurei
2187 703 2451 764 cornus,
2484 682 2811 774 praecipiti
2849 701 3082 775 petunt
3142 683 3420 774 agmine.
3482 679 3711 776 Itaque
3764 685 3966 752 omnis
4011 710 4289 780 captura

1481 786 1798 885 Byzantii
1841 779 1974 878 est,
2017 805 2256 880 magna
2307 779 2723 854 Chalcedonis
2758 785 3032 875 penuria
3079 780 3261 851 mille
3281 779 3574 877 paffitum
3623 778 3819 852 medii
3849 785 4287 882 interfluentis

1479 889 1739 980 Euripi.
1770 883 2214 978 Opperiuntur
2261 903 2477 954 autem
2512 882 2856 979 Aquilonis
2894 880 3150 977 flatum
3186 939 3205 966 ,
3257 902 3328 950 ut
3364 880 3647 974 secundo
3687 880 3909 978 flutffu
3965 910 4198 963 exeant
4238 920 4275 966 e

1479 995 1688 1061 Ponto
1708 1041 1733 1075 ‚
1777 1008 1887 1054 nec
1917 980 2040 1079 nifi
2065 988 2382 1055 intrantes
2426 1002 2691 1077 portum
2717 981 3115 1079 Byzantium
3165 984 3536 1075 capiuntur.
3564 981 3820 1053 Brumd
3848 1008 3976 1055 non
4019 1013 4282 1089 vagan-

1478 1109 1592 1160 tur
1615 1116 1646 1158 .·
1677 1088 2045 1183 ubicumque
2074 1080 2475 1178 deprehensi,
2518 1081 2703 1181 usque
2731 1082 2816 1155 ad
2861 1082 3305 1182 oequinoblium
3327 1141 3346 1168 ,
3384 1081 3474 1154 ibi
3511 1083 3874 1159 hibernant.
3905 1086 4288 1190 Iidemfitpe

1481 1192 1758 1286 navigia
1794 1188 1958 1260 velis
2004 1188 2223 1257 euntia
2268 1187 2642 1257 comitantes
2665 1244 2684 1271 ,
2736 1184 2909 1255 mird
2937 1182 3198 1283 quidam
3256 1183 3587 1257 dulcedine
3625 1209 3747 1279 per
3803 1188 4054 1286 aliquot
4083 1193 4280 1267 hora-

1478 1317 1626 1366 rum
1643 1290 1866 1386 spatia
1897 1287 1972 1361 ff
1998 1285 2290 1385 paffitum
2338 1286 2554 1358 millia
2593 1312 2636 1358 a
2664 1286 3113 1382 gubernaculis
3134 1286 3552 1381 speblantur,
3589 1310 3665 1358 ne
3702 1287 3979 1361 tridente
4029 1295 4281 1391 quidem

1480 1396 1553 1466 in
1584 1418 1682 1464 eos
1698 1392 1938 1486 sapius
1965 1390 2142 1484 jaHo
2200 1390 2461 1461 territi.
2499 1442 2515 1461 .
2551 1442 2570 1460 .
2613 1388 2823 1458 Multi
2863 1392 2932 1458 in
2989 1387 3376 1480 Propontide
3417 1386 3771 1484 oestivant:
3817 1390 4100 1463 Pontum
4155 1421 4283 1469 non

1479 1496 1759 1568 intrant.
1804 1489 2082 1562 Eadem
2127 1485 2353 1563 ferme
2403 1485 2698 1562 tradunt
2731 1486 2992 1562 Strabo
3021 1483 3193 1561 VII.
3227 1511 3321 1588 pa
3376 1546 3393 1562 .
3453 1512 3649 1586 3203
3690 1494 3760 1562 ὅ(
3788 1486 4118 1565 AElianus
4147 1494 4283 1589 IX,

1481 1616 1616 1690 42.
1668 1590 1864 1664 Cum
1911 1589 2365 1690 thynnorum
2401 1609 2702 1688 captura
2730 1586 3097 1689 Byzantiis
3134 1515 3706 1690 quaesffuofisfima
3748 1587 3920 1665 effet
3942 1645 3963 1680 ,
3991 1589 4165 1671 inde
4200 1595 4282 1674 in
4362 1657 4378 1671 .

1483 1716 1745 1781 eorum
1791 1687 2103 1764 nummis
2144 1688 2337 1789 saepe
2380 1711 2778 1765 occurrunt
2825 1688 3132 1790 thynni,
3187 1695 3258 1765 &
3308 1689 3504 1763 hami
3543 1689 3802 1791 quibus
3849 1693 4280 1792 capiuntur,

1591 1794 1964 1877 Oncloms
2012 1814 2314 1865 sum-ER
2366 1814 2623 1865 menas
2657 1795 2915 1889 saxls]
2961 1789 3077 1866 Cl.
3136 1789 3556 1866 Franciscus
3585 1788 3902 1866 Medicis
3927 1797 4284 1873 emenda-

1484 1891 1651 1981 bat,
1696 1895 1864 1977 albis
1890 1889 2010 1967 vel
2056 1892 2330 1980 albidis,
2359 1894 2587 1986 subter
2634 1893 2835 1964 undas
2877 1894 3093 1989 saxis.
3136 1890 3709 1995 Ingeniofisfime
3758 1891 4085 1994 quidem.
4140 1899 4287 1974 Pli-

1484 1995 1648 2068 nius
1682 1992 1877 2068 enim
1904 2046 1927 2081 ,
1976 1990 2187 2091 supra
2235 1989 2567 2068 laudatus
2593 2048 2614 2083 ,
2651 1992 2753 2067 ait
2786 1992 2867 2067 th
2921 2019 3109 2068 nnos
3143 1993 3396 2080 terreri
3431 1993 3606 2067 saxo
3678 1999 3827 2065 miri
3882 1997 4175 2074 candoris
4239 2027 4283 2077 a

1484 2093 1685 2170 vado
1742 2092 1837 2166 ad
1883 2092 2155 2166 summa
2208 2092 2645 2191 perlucenti.
2719 2021 3061 2169 Straboni
3112 2120 3409 2197 quoque
3443 2113 3887 2169 memoratur
3936 2094 4092 2174 loc.
4155 2102 4280 2178 cit.

1479 2204 1770 2273 λιυκιίτκς
1802 2205 2021 2294 πέτραι.
2070 2190 2317 2266 Nemo
2345 2215 2591 2268 tamen
2617 2194 2958 2268 hactenus
2991 2215 3319 2268 veterem
3342 2195 3763 2295 scripturam
3790 2198 4095 2274 mutavit
4120 2257 4141 2290 ,
4177 2201 4279 2277 ob

1485 2293 1927 2467 ΐοῐίρῐοῖιιω
1984 2298 2055 2367 &
2094 2288 2462 2366 editorum
2516 2291 2874 2366 librorum
2928 2294 3477 2386 auctoritatem,
3523 2319 3667 2371 nec
3720 2294 4092 2374 absurdam
4126 2326 4277 2379 vo·

1478 2419 1647 2472 cem
1673 2448 1697 2482 ,
1743 2421 1777 2466 o
1850 2419 2040 2492 cquis.

1595 2594 1813 2672 CAP.
1864 2594 2130 2672 Lxlv.
2173 2597 2418 2673 sam
2470 2618 2572 2673 Ac
2615 2554 3109 2698 run-rom]
3158 2598 3275 2675 Ita
3319 2598 3474 2675 ΜΠ.
3540 2599 3738 2676 1:101.
3798 2601 3982 2705 Reg.
4049 2603 4279 2680 editio

1483 2697 1834 2800 princeps
1885 2703 1956 2773 ὃς
1998 2694 2356 2772 ErnestuS.
2407 2695 2498 2771 In
2532 2697 2689 2775 ΜΠ.
2733 2697 2945 2801 Harl.
2997 2700 3216 2777 Bodl.
3262 2698 3402 2776 Jes.
3451 2707 3522 2777 &
3560 2701 4052 2795 Puteolanus»,
4083 2706 4281 2806 signa

1486 2808 1656 2875 enim
1687 2827 1762 2871 ac
1802 2802 2105 2873 tentoria.

1481 2926 1502 2969 s
1594 2897 1651 2973 F
1660 2922 1877 2973 Erum
1929 2921 2291 2974 norrun.
2330 2954 2348 2974 .
2387 2907 2864 2997 ‚mesu-NT]
2924 2900 3082 2975 Mss.
3124 2908 3196 2977 &
3230 2920 3516 2978 veteres
3567 2903 3956 2981 editiones,
4017 2904 4275 2981 Postea

1492 2998 1960 3077 emendatum
1993 3000 2175 3100 fetus
2224 3001 2427 3073 editus
2459 3058 2477 3078 .
2510 3058 2526 3080 .
2569 3059 2586 3079 .
2631 3025 2838 3077 erant.
2877 2999 3141 3079 Latine
3192 3001 3535 3108 quidem,
3587 3003 3715 3081 sed
3770 3003 3915 3085 fine
3964 3005 4118 3081 ulla
4157 3031 4280 3081 ne·

1489 3101 1805 3177 cessitate
1829 3159 1849 3192 ,
1899 3101 2070 3177 cum
2107 3101 2325 3204 possit
2377 3100 2742 3205 intelligi,
2783 3104 3123 3200 ferebatur
3146 3160 3166 3193 ,
3206 3109 3677 3200 nuntiabatur,
3704 3128 3788 3182 ut
3818 3109 4007 3183 recte
4039 3106 4286 3183 obser-

1483 3223 1618 3284 ‚vat
1655 3200 2039 3292 ErnestuS,
2083 3227 2223 3278 nec
2256 3201 2651 3306 quidquam
2697 3202 2941 3280 vitiosi
2992 3204 3306 3298 habeat,
3361 3206 3638 3306 inffnt.

1587 3300 1960 3379 Domrrla
2014 3301 2322 3379 Lr-:PmA
2381 3328 2894 3381 mutlnnmaus
2924 3331 3179 3382 causts
3222 3316 3259 3403 ]
3311 3305 3401 3380 In
3459 3307 3595 3384 ΜΓ.
3653 3306 3853 3384 Flor.
3901 3308 4276 3382 Domitiale

1483 3406 1926 3480 muliebribus.
1961 3402 2075 3479 Ita
2109 3410 2177 3478 δε
2233 3402 2466 3478 editio
2502 3404 2892 3507 princeps;
2948 3406 3074 3482 sed
3132 3407 3209 3481 in
3254 3409 3343 3484 ea
3397 3406 3674 3485 editum
3715 3411 4082 3480 mulieribus
4128 3433 4277 3508 pto

1488 3506 1928 3579 muliebribus.
1977 3502 2135 3578 ΜΠ.
2186 3503 2397 3579 Harl.
2430 3504 2647 3580 Bodl.
2698 3504 2838 3585 Jes.
2890 3513 2962 3583 &
3006 3506 3489 3598 Puteolanus,
3530 3513 3827 3583 Domitia
3884 3511 4134 3582 levibus
4204 3511 4285 3582 Gr

1489 3606 1927 3678 muliebribus.
1966 3601 2186 3678 Βεᾶὲ
2231 3630 2273 3678 a
2302 3603 2809 3683 Freinshemio
2853 3614 2923 3685 δε
2972 3607 3532 3688 Recentioribus
3580 3608 4043 3687 emendatum
4071 3665 4093 3699 ,
4145 3611 4285 3682 Do·

1485 3710 1681 3778 mitia
1714 3705 1980 3801 Lepida.
2014 3702 2180 3779 Nec
2219 3704 2341 3779 dis
2384 3706 2561 3783 licet
2611 3711 2846 3811 repeti
2871 3766 2896 3802 ,
2940 3717 3093 3811 quia
3141 3715 3427 3811 Lepida,
3482 3710 3583 3790 ob
3648 3710 4007 3787 orationis
4067 3707 4281 3785 clari-

1461 3824 1761 3896 tatem,
1820 3829 1980 3908 quae
2019 3804 2234 3881 facile
2275 3833 2328 3883 o
2384 3809 2723 3886 scuratur.

1597 3905 1825 3980 Cium
1883 3929 2169 3982 maan-1
2218 3917 2454 4005 mus]
2510 3910 2762 3988 Editio
2817 3910 3161 4019 princeps
3222 3939 3355 4015 per
3408 3913 3779 3987 literarum
3836 3909 4278 4015 compendia
4340 3953 4345 3954 ν

1490 4009 1615 4080 Cn.
1660 4011 1884 4078 mariti
1927 4013 2083 4105 ejus.
2145 4005 2368 4085 Unde
2425 4010 2872 4088 Puteolanus
2915 4021 3088 4091 Cnei.
3158 4010 3634 4087 scribendum
3678 4017 3899 4101 Cneii,
3944 4035 4030 4089 ut
4077 4031 4281 4115 patet

1489 4130 1585 4181 ex
1628 4102 1930 4180 Sueton.
1970 4105 2048 4179 in
2082 4105 2260 4182 Ner.
2309 4106 2372 4185 I.
2421 4119 2859 4207 praenomina.
2891 4169 2911 4188 .
2941 4170 2959 4187 .
3005 4119 3190 4188 Cneii
3217 4117 3293 4185 Cr
3344 4114 3550 4187 Lucii.
3588 4116 3662 4186 δε
3707 4108 3810 4187 ΙΙ.
3854 4118 4088 4189 Cneius
4136 4118 4280 4187 Do·-

1485 4208 1734 4282 rnitius.
1759 4201 2086 4306 Ryckius
2120 4207 2356 4283 edidit
2393 4217 2597 4287 Cnai.
2648 4217 2812 4301 Eius
2840 4211 3035 4286 abest
3060 4238 3103 4287 a
3137 4211 3273 4285 Ms.
3322 4210 3570 4287 Guelf.

1489 4403 1541 4480 b
1596 4303 2518 4484 hfflins’ganOPBNTA]
2576 4311 2836 4387 Mallet
2869 4310 3143 4412 Lipsius
3186 4314 3500 4388 violenta.
3545 4311 3960 4434 Utrumque
4010 4312 4289 4486 veter}-

1490 4430 1677 4622 Εἷς.
1693 4434 1717 4480 ¹
1733 4408 1959 4588 ιῗέιῗ
1987 4409 2546 4590 ἑῖὼὲῐὲᾱᾟὲ
2584 4411 3755 4618 ξιιῗὲὲξὲῗιῗῑηὸἷιεῖζῗεὲἷῖῃξῗῶ
3771 4417 4281 4591 ”G‘ge'iiffflrl

1491 4631 1667 4708 gine
1716 4609 1855 4686 Ms.
1903 4611 2123 4688 Bodl.
2168 4614 2416 4691 Placet
2443 4637 2689 4694 tamen
2726 4617 2955 4720 magis
2986 4621 3298 4710 violenta.
3334 4615 3617 4692 Placuit
3651 4622 3721 4688 &
3755 4543 3868 4688 gl.
3909 4609 4227 4723 Gordon
4250 4662 4280 4701 ,

1492 4709 1696 4822 cuius
1742 4730 1987 4787 tamen
2037 4714 2551 4818 interpretatio
2599 4743 2640 4793 a
2689 4717 3139 4795 Corneliana
3196 4718 3555 4796 brevitate
3602 4712 3910 4789 multum
3965 4708 4273 4830 recedit.

1487 4807 1763 4884 Numer
1803 4817 2143 4920 werethey
2194 4822 2379 4894 much
2424 4821 2725 4924 dtffiring
2750 4825 2824 4896 in
2867 4823 3141 4924 beauty,
3176 4848 3299 4922 age
3343 4845 3418 4892 or
3447 4816 3729 4903 matth,
3777 4816 3927 4889 both
3948 4812 4280 4911 Pmst‘m'·
