4975 6149
1502 408 1677 507 ,ἐς
2030 416 2132 503 o.
2262 406 3107 501 CORNELII
3230 404 3943 529 TACITI.

1209 618 1443 666 -Ξε
1489 585 1725 670 Nero
1761 578 1864 666 ad
1896 579 2334 665 deteriores
2370 572 2839 663 inclinabat.
2875 578 2996 665 Hi
3019 577 3257 663 variis
3301 570 4008 663 criminationibus
4032 578 4273 669 Sene-

1212 695 1278 753 Α·
1298 702 1358 757 ¹¹·
1374 703 1443 758 ⁰·
1493 734 1674 803 cam
1700 709 2177 795 adoriuntur
2197 765 2226 810 ‚
2265 740 2312 783 «
2335 732 2747 816 tamquam
2770 707 3139 818 ingentes
3158 712 3240 788 ὃ(
3256 705 3660 821 privatum
3676 702 3910 818 supra
3931 707 4271 795 modum

1254 788 1403 873 815,

1244 901 1296 959 J.
1342 907 1407 960 C.

1276 1001 1387 1063 62.

1489 873 1537 920 »
1555 840 1865 927 eveiias
1892 865 2088 951 opes
2119 834 2384 920 adhuc
2414 859 2747 947 augeret
2770 862 2795 930 3
2837 832 3217 944 quodque
3244 831 3495 916 studia
3524 833 3833 917 civium
3858 833 3946 915 in
3972 833 4054 919 se
4081 864 4269 921 ver·-

1487 991 1761 1052 »teret
1802 1000 1818 1049 ε
1873 968 2297 1048 hortorum
2343 990 2667 1073 quoque
2723 963 3194 1046 amoenitate
3248 969 3272 1006 ¹
3322 965 3408 1044 &
3467 954 3849 1043 villarum
3892 964 4265 1076 magnifi-

1486 1127 1534 1173 :a
1555 1090 1824 1188 centia
1853 1092 2065 1203 quasi
2088 1092 2549 1205 Principem
2574 1087 3338 1204 supergrederetur»
3360 1149 3381 1171 .
3410 1080 3941 1194 Objiciebant
3957 1093 4265 1176 «etiam

1485 1253 1534 1300 2>
1554 1218 2033 1331 eloquentiae
2085 1215 2408 1302 laudem
2472 1218 2618 1299 uni
2668 1214 2811 1298 s1bi
2857 1213 3298 1300 adsciscere
3324 1274 3352 1318 ,
3405 1220 3491 1297 ὅ(
3520 1215 3880 1300 carmina
3908 1216 4261 1307 crebrius

1483 1377 1535 1427 ω
1552 1347 1908 1431 Ῑεᾶἰταῐε
1936 1354 1999 1451 ²,
2030 1348 2446 1461 postquam
2474 1344 2801 1428 Neroni
2829 1364 3055 1427 am'or
3089 1370 3374 1427 eorum
3403 1341 3766 1427 venisset.
3795 1346 4020 1429 Nam
4041 1342 4259 1430 oble-

1483 1505 1533 1554 »
1553 1474 1965 1559 &amentis
1992 1473 2387 1586 Principis
2415 1466 2684 1586 palam
2713 1470 3126 1580 iniquum,
3166 1468 3601 1555 detrefiiare
3623 1471 3793 1554 vim
3822 1466 3996 1579 ejus
4011 1501 4264 1583 equos

1483 1603 1940 1712 »regentis3
1980 1596 2342 1682 inludere
2375 1627 2623 1684 voces
2646 1656 2678 1701 ‚
2712 1599 3086 1709 quotiens
3138 1621 3490 1683 caneret.
3539 1597 3820 1708 Quem
3867 1597 3970 1683 ad
4008 1600 4261 1683 finem

1480 1758 1529 1805 »
1547 1724 1754 1808 nihil
1783 1728 1868 1821 in
1899 1719 2313 1841 republica
2350 1722 2660 1811 clarum
2681 1724 2857 1810 fore
2878 1784 2910 1829 ‚
2953 1724 3173 1837 quod
3203 1755 3369 1811 non
3398 1722 3495 1809 ab
3534 1721 3684 1808 illo
3714 1725 4042 1839 reperiri
4073 1754 4255 1811 cre-

1479 1884 1528 1931 »
1549 1852 1806 1937 datur.
1880 1852 2125 1938 Certe
2175 1854 2486 1938 finitam
2535 1853 2895 1939 Neronis
2946 1854 3373 1970 pueritiam
3401 1910 3432 1956 ‚
3491 1859 3577 1936 ὅ(
3625 1849 3872 1937 robur
3912 1847 4258 1959 juventae

1477 2010 1526 2056 :a
1547 1979 2189 2066 adeffezexueret
2224 1982 2687 2095 magistrum
2711 2040 2741 2089 ,
2779 1978 2967 2067 satis
2998 1977 3287 2096 amplis
3316 1977 3776 2067 docioribus
3804 1980 4259 2102 instruens.

1477 2101 1985 2212 »majoribus
2011 2107 2168 2197 suis
2214 2141 2302 2190 »-
4110 2192 4116 2201 ,

1569 2230 1869 2314 LIII.
1935 2232 2084 2315 A'r
2145 2235 2536 2316 SENECA
2588 2224 3193 2322 criminantium
3247 2261 3415 2313 non
3462 2229 3840 2339 ignarus,
3896 2232 4257 2346 proden-

1473 2353 1690 2441 tibus
1748 2359 1844 2441 iis
1887 2414 1916 2459 ‚
1990 2356 2274 2467 quibus
2332 2353 2601 2467 aliqua
2641 2357 2955 2441 honesti
3004 2386 3249 2459 cura,
3293 2364 3378 2441 ὅ(
3416 2351 4046 2443 familiaritatem
4081 2354 4253 2466 ejus

1470 2483 1728 2595 magis
1782 2482 2255 2596 aspernante
2303 2483 2611 2570 Caesare
2636 2542 2665 2587 ‚
2706 2511 3027 2599 tempus
3080 2484 3434 2570 sermoni
3463 2506 3689 2571 orat:
3741 2490 3824 2569 ὃ(
3852 2510 4196 2598 accepto
4221 2543 4254 2588 ,

1469 2610 1587 2693 ita
1636 2610 1951 2722 incipit.
2017 2643 2063 2687 «
2105 2612 2829 2724 Quartusdecimus
2885 2641 3140 2699 annus
3187 2612 3339 2715 est,
3371 2609 3670 2712 Caesar,
3708 2640 3813 2695 ex
3867 2639 4031 2720 quo
4082 2611 4254 2725 spei

1467 2734 2084 2822 »tuae-admotus
2126 2738 2301 2822 sum
2340 2772 2357 2821 ε
2390 2741 2757 2843 octavus,
2781 2761 2874 2825 ut
2903 2739 3333 2854 imperium
3370 2736 3713 2824 obtines.
3748 2735 4037 2822 Medio
4051 2764 4251 2821 tem-

1469 2864 1754 2976 »poris
1789 2886 2105 2946 tantum
2137 2867 2545 2949 honorum
2575 2892 2811 2975 atque
2842 2894 3092 2978 opum
3120 2867 3207 2946 in
3236 2894 3367 2949 me
3401 2861 3822 2950 cumulasti
3847 2920 3876 2965 ‚
3914 2889 4008 2948 ut
4040 2859 4248 2948 nihil

1467 3020 1516 3067 a>
1533 2986 1910 3080 felicitati
1937 3020 2130 3076 meae
2158 2990 2380 3097 defit,
2397 2993 2540 3080 nifi
2566 2991 3015 3083 moderatio
3039 2988 3238 3100 ejus.
3261 2993 3460 3077 Utar
3483 2994 3795 3104 magnis
3823 2987 4245 3106 exemplis,

1466 3147 1515 3194 x»
1535 3144 1690 3201 nec
1731 3147 1923 3201 meae
1956 3118 2296 3208 fortunae
2310 3178 2338 3225 ‚
2372 3119 2511 3205 sed
2537 3147 2715 3205 tuae.
2769 3119 3099 3206 Abavus
3124 3146 3310 3206 tuus
3333 3118 3738 3231 Augustus
3759 3177 3788 3222 ‚
3820 3118 4247 3232 M.Agrip·

1463 3270 1646 3358 »pae
1676 3242 2233 3356 Mitylenense
2260 3247 2665 3333 secretum
2686 3257 2749 3344 ³3
2774 3248 2874 3333 C.
2902 3248 3343 3335 Maecenati
3359 3245 3577 3333 Urbe
3623 3247 3710 3329 in
3746 3240 3915 3359 ipsa
3938 3256 3978 3305 ⁴
4015 3243 4247 3332 velut

1462 3523 1739 3601 Senecae,
1755 3523 1859 3588 sed
1881 3523 2174 3590 nonsatis
2200 3523 2416 3590 viriles
2439 3566 2461 3598 ‚
2485 3525 2559 3591 δε
2583 3526 2671 3591 ob
2695 3525 2823 3592 for·
2980 3538 3002 3580 ³
3049 3527 3500 3592 Mra-neuwen
3546 3543 3885 3589 secu-mu
3920 3525 3954 3600 ]
4010 3524 4094 3589 At
4129 3543 4243 3600 pu-

1461 3616 1629 3667 tunae
1652 3602 2054 3666 insolentiam
2078 3651 2098 3680 ,
2126 3603 2343 3685 gloriae
2384 3604 2759 3671 aviditatem
2795 3653 2818 3685 ‚
2895 3604 3076 3667 denda
3087 3603 3208 3682 fuit
3230 3605 3501 3687 Augusto
3524 3604 3641 3666 haec
3661 3604 3928 3686 Agrippoe
3944 3602 4244 3686 ablegatio,

1461 3675 1766 3763 Principis
1818 3681 2140 3745 licentiam
2191 3681 2344 3764 saepe
2426 3682 2762 3777 hilosopho
2794 3733 2815 3763 ,
2893 3685 3042 3749 teste
3065 3683 3272 3748 Plinio
3286 3686 3442 3760 vll,
3465 3707 3504 3777 4
3511 3705 3567 3767 5.
3592 3681 3757 3747 vide
3779 3683 3848 3748 &
3870 3682 4242 3746 Suetonium

1459 3760 1702 3827 nedum
1738 3760 1958 3825 Stoico
2037 3760 2333 3841 indignae.
2438 3765 2479 3828 ὸ
2507 3783 2703 3845 magns
2726 3773 2821 3828 ar‘-
2893 3764 2962 3827 in
2998 3767 3158 3846 Aug.
3201 3767 3427 3830 va1.
3482 3784 3553 3827 m
3596 3763 3816 3828 Tiber.
3843 3764 3921 3823 X.
3960 3762 4243 3826 Dionem

1459 3840 1780 3980 {¹32¹}ss
1823 3842 2031 3978 ‘¹3¹3..‘
2064 3839 2659 3994 {zzssizjndsslem
2678 3842 2816 3983 sii-¹²·
2893 3846 3063 3907 ΠΗ·
3084 3863 3221 3926 ¹³³⁸·
3245 3842 3487 3981 5¹⁸7?
3517 3839 4017 3980 {⁰³:³231322‘2.
4034 3844 4142 3981 ili,
4162 3842 4243 3980 ‘1³1

1458 3992 1644 4054 disere
1697 4015 1715 4051 ε
1745 3963 1882 4058 Non
1910 3994 2040 4073 jbre
2064 3998 2219 4089 [qvo
2266 3997 2352 4059 illi
2384 3921 2531 4060 Ζὲίόηὶ
2550 3941 2621 4076 :u
2636 3939 2817 4080 qune}
2890 3942 3394 4089 ξεεῐῗεχέἒιῖὶᾶῗαίἳῑ
3417 3940 3553 4062 ἰὲἷιι
3577 3939 4027 4086 ᾳξῐιῑιεεδμω,
4070 3941 4242 4090 1¹1ch

1450 4069 1669 4154 gustato
1748 4074 1883 4134 emel
1939 4075 2176 4137 homzms
2233 4095 2422 4138 cruore
2459 4122 2479 4151 ,
2558 4078 2813 4170 ingenita
2887 4077 3122 4140 Metelzn
3145 4124 3166 4152 ,
3199 4099 3278 4140 ex
3315 4076 3469 4139 urbe
3549 4094 3788 4156 nnclpe
3810 4076 4120 4155 Mitylene
4152 4091 4240 4141 lta

1454 4148 1648 4214 redeat
1711 4152 1902 4214 oevitia
1929 4202 1950 4232 ,
1989 4160 2183 4220 Vetus
2217 4154 2585 4222 scholiastes
2616 4178 2687 4220 m
2701 4162 2814 4225 Ju-
2889 4156 3261 4238 appellatam
3282 4200 3303 4230 ,
3349 4153 3483 4220 fece
3551 4169 3599 4218 t.

1453 4229 1701 4296 venalis
1727 4235 1926 4313 Satyr.
1954 4239 2010 4299 V
2028 4282 2049 4311 ,
2089 4254 2225 4309 ¹09·
2965 4245 2998 4285 4
3036 4238 3212 4302 Une
3252 4256 3317 4296 ru
3344 4234 3523 4310 usa]
3552 4235 3627 4294 In
3645 4231 3770 4313 quii
3794 4248 3972 4298 erant
4003 4231 4237 4311 regales

1540 4321 1559 4350 ¹
1607 4312 1995 4376 Hom-onum
2043 4331 2302 4386 Qquun
2351 4332 2732 4380 Antan-An
2776 4318 2811 4393 J
2884 4312 3241 4378 Mecenatis
3262 4310 3454 4377 horti.
3506 4312 3705 4389 Quod
3767 4313 3979 4378 uidem
4008 4310 4237 4378 merito

1453 4386 1553 4452 De
1574 4387 1671 4452 his
1693 4389 1868 4471 plura
1889 4412 2020 4471 cap.
2049 4392 2174 4472 seq.
2642 4431 2645 4434 -
2884 4392 3088 4476 arguit
3107 4390 3344 4459 Plinius
3370 4393 3517 4455 xlx
3536 4437 3557 4467 ‚
3599 4413 3662 4468 4.
3719 4332 3858 4456 Jam
3882 4389 4091 4473 quidem
4109 4386 4236 4447 kor-

1532 4477 1562 4509 ²
1629 4471 1944 4534 Canama
1998 4490 2306 4534 canamus
2377 4491 2733 4536 nen-run
2774 4477 2804 4551 ]
2884 4489 3059 4533 torum
3082 4471 3301 4533 nomine
3319 4471 3380 4533 in
3407 4471 3531 4548 ipsa
3548 4469 3694 4533 Urbe
3717 4468 3951 4536 delicias
3973 4516 3994 4545 ,
4024 4482 4233 4546 agros,

1449 4543 1650 4611 Forte
1674 4548 1866 4612 etiarn
1904 4548 2195 4641 quasdam
2226 4571 2261 4612 e
2284 4549 2638 4631 tragoediiS,
2716 4572 2807 4616 uae
2881 4550 3060 4632 villas
3146 4550 3424 4632 pqffident.
3442 4549 3665 4614 Primus
3679 4547 3777 4610 hoc
3797 4549 3857 4611 in
3908 4545 4029 4607 'tuit
4048 4539 4235 4602 Athe·

1449 4621 1565 4685 sub
1613 4626 1744 4715 ejus
1778 4649 2041 4694 nomme
2079 4629 2604 4693 circumferuntur
2611 4651 2637 4720 3
2692 4631 2806 4695 atis
2880 4630 2973 4692 nis
3014 4572 3323 4707 glise-urus,
3353 4628 3453 4691 otii
3488 4625 3759 4717 magtstes.
3898 4644 3963 4715 ξιε
3984 4620 4059 4714 251
4082 4639 4233 4695 eum·

1451 4698 1860 4769 sententiosas
1883 4753 1903 4782 ,
1946 4725 2011 4772 at
2039 4707 2269 4790 tragica
2293 4723 2422 4774 arte
2453 4709 2805 4775 medrocri-
2878 4710 3047 4772 moris
3078 4730 3190 4771 non
3261 4726 3418 4770 uerat
3452 4707 3512 4768 in
3540 4727 3571 4767 o
3601 4702 3752 4780 pidn
3786 4703 3858 4764 lta
3894 4720 4027 4764 ztan
4071 4719 4229 4791 rurq.

1449 4790 1549 4837 ter
1640 4787 2199 4871 commendabiles.
2263 4788 2567 4864 Quaedam
2613 4789 2804 4853 etiam
2878 4786 3066 4852 Romae
3107 4787 3196 4868 qui
3235 4807 3317 4848 em
3346 4806 3445 4863 per·
3462 4785 3528 4874 sp
3632 4799 3753 4872 rurs
3794 4801 3932 4874 ager
3965 4795 4235 4871 pauperat

1448 4872 1572 4915 nec
1617 4874 1747 4932 ejus
1782 4863 2157 4944 mgenium,
2206 4886 2327 4932 nee
2375 4868 2509 4948 ejus
2555 4883 2800 4936 etatem
2876 4886 3017 4931 erar.
3062 4869 3161 4930 De
3182 4867 3531 4929 Mecenaus
3553 4860 3754 4928 horus
3781 4863 4028 4930 dicemr
4059 4856 4231 4925 infra

1447 4930 1698 5000 decent.
2873 4945 3106 5014 Amal.
3132 4946 3273 5027 XV,
3296 4963 3400 5023 39.

4322 1758 4421 1815 10

4297 3025 4415 3083 20
