4975 6149
1520 477 1699 556 492
1924 447 2366 536 NoTAE
2455 446 2631 532 ET
2708 443 3883 540 EMENDATIONES

1519 600 1885 704 plitudine
1933 602 2313 675 Romanos
2354 599 2446 676 ab
2481 601 2690 678 Urbe
2730 604 2898 704 ejici
2939 628 3431 706 quererentur.
3478 609 3681 685 Hine
3713 608 3966 685 famofi
4011 605 4259 687 versus
4287 655 4321 702 5

1521 727 1708 804 quos
1747 698 1996 777 retulit
2027 699 2417 777 Suetonius
2452 701 2532 775 in
2574 702 2750 779 Ner.
2797 704 3125 783 XXXIX.
3942 751 3947 756 ·

2039 859 2216 923 Roma
2262 859 2450 922 domus
2533 881 2586 922 et
2611 887 2630 921 .·
2679 862 2851 926 Veios
2880 866 3149 947 migrate,
3187 863 3491 946 Quirites',

2228 938 2429 1001 Sinon
2561 940 2729 1004 Veios
2764 961 2993 1019 occupat
3034 944 3134 1024 ista
3177 943 3382 1006 domus.

1534 1076 1691 1170 Qui
1725 1076 1990 1152 altiora
2030 1079 2496 1181 cogitabant,
2528 1077 2681 1152 indi
2735 1079 3090 1154 nabantur
3123 1075 3548 1152 modestiam
3591 1075 4033 1165 Romanam,
4087 1099 4315 1155 terra-

1532 1201 1694 1250 rum
1749 1178 1946 1252 orbis
1974 1179 2382 1269 vistricem,
2419 1178 2669 1282 ignavi
2685 1107 3055 1278 {sincipis
3091 1176 3262 1252 luxu
3294 1177 3395 1250 ita
3440 1176 3922 1253 dehonestari.
3969 1183 4082 1251 Bis
4129 1186 4313 1254 vidi-

1535 1301 1678 1347 mus
1720 1280 1931 1351 urbem
1979 1303 2180 1353 totam
2215 1287 2388 1377 cingi
2436 1282 2724 1352 domibus
2766 1283 3138 1374 Principum
3171 1283 3318 1350 Caii
3352 1279 3427 1350 fa·
3461 1282 3736 1351 Neronis
3758 1333 3781 1366 ,
3828 1282 3903 1351 θ’
3936 1282 4121 1377 hujus
4157 1287 4311 1380 qui-

1534 1376 1717 1465 dem,
1767 1404 1841 1450 ne
1867 1381 2022 1478 quid
2056 1381 2313 1552 dessffiet,
2348 1407 2566 1454 aurea.
2604 1384 2932 1454 Nimirum
2942 1379 3045 1476 fic
3085 1380 3471 1451 habitarunt·
3491 1381 3599 1450 illi
3620 1433 3645 1467 ,
3703 1383 3812 1477 qui
3838 1381 3947 1452 hoc
3975 1387 4309 1473 imperium

1516 1476 1733 1572 fecere
1758 1538 1778 1565 ,
1820 1503 2037 1552 tantas
2084 1509 2121 1553 a
2204 1481 2546 1554 vincendas
2578 1505 2835 1578 gentes,
2883 1480 3346 1577 triumphosque
3395 1478 3746 1574 referendos
3777 1481 3855 1551 ab
3888 1503 4141 1567 aratro,
4193 1501 4321 1552 auc

1518 1571 1704 1673 foco,
1731 1603 2027 1652 exeuntes
2054 1641 2070 1666 ,
2103 1607 2368 1678 quorum
2417 1586 2565 1680 agri
2590 1608 2824 1681 quoque
2854 1585 3159 1654 minorem
3191 1580 3450 1651 modum
3484 1580 3844 1669 obtinuere,
3883 1581 4079 1679 quam
4106 1582 4310 1677 sella-

1536 1681 1654 1748 riae
1683 1676 1966 1772 istorum.
2006 1678 2189 1752 Plin.
2228 1678 2544 1755 XXXVI
2570 1735 2591 1768 ,
2632 1705 2750 1781 15.
3257 1731 3263 1738 .

1647 1778 1706 1846 F
1709 1774 1937 1851 loruit
1963 1776 2220 1853 domus
2261 1780 2502 1856 Aurea
2525 1835 2546 1868 ,
2583 1779 2810 1855 stante
2846 1778 3176 1855 Nerone.
3213 1776 3327 1853 Eo
3363 1776 3714 1853 exstineto
3761 1776 4001 1880 viguit
4050 1778 4316 1872 adhue,

1537 1872 1955 1975 vigentibus
1982 1877 2430 1953 libidinibus.
2452 1879 2661 1955 Otho
2686 1933 2705 1966 ,
2728 1905 2974 1954 earum
2998 1878 3319 1968 aemuluS,
3342 1901 3425 1954 ut
3449 1878 3828 1979 imperium
3854 1879 4154 1978 adeptus
4172 1877 4315 1969 est,

1535 1972 1738 2074 ⁴quasi
1783 1973 2219 2055 Neroniano
2248 1979 2451 2053 luxui
2487 1979 2767 2081 aliquid
2802 1980 3110 2068 deesset,
3145 1978 3333 2053 nihil
3375 1983 3720 2090 quidquam
3748 1986 3934 2073 prius
3959 2006 4077 2074 pro
4097 1982 4314 2075 potes-

1538 2097 1677 2169 tate
1707 2077 2075 2176 subscripsit
2108 2132 2131 2166 ,
2201 2083 2398 2179 quam
2454 2087 2850 2181 quingenties
2891 2081 3305 2179 sestertium,
3366 2078 3673 2154 Galllcae
3726 2101 4040 2153 monetae
4097 2077 4318 2152 libras

1538 2195 1851 2272 9‚727,5
1875 2201 1995 2265 12,
2027 2180 2113 2251 ad
2152 2182 2585 2278 peragendam
2620 2183 2907 2254 Auream
2949 2183 3229 2256 domum.
3267 2179 3568 2254 Sueton.
3599 2180 3674 2251 in
3710 2178 3993 2254 Othon.
4025 2178 4194 2257 VII.

1559 2365 1566 2368 ι
1649 2274 1756 2349 At
1805 2276 2101 2350 tandem
2124 2276 2249 2350 sua
2294 2304 2411 2350 ma
2462 2279 2561 2366 is,
2593 2280 2808 2379 quam
2838 2279 3120 2363 aliena,
3154 2279 3229 2351 vi
3254 2278 3659 2374 profligatis
3690 2276 3800 2349 his
3840 2276 4130 2373 imperii
4156 2276 4320 2377 pefi-

1540 2368 1778 2462 tibus,
1829 2374 1959 2447 sub
2011 2374 2347 2450 felicibus
2473 2376 2818 2475 espafiani
2876 2376 3179 2477 Titique
3248 2377 3379 2450 aus
3424 2375 3581 2449 iciis
3634 2373 3871 2448 Roma
3917 2376 4320 2475 acquievit.

1532 2469 1736 2545 1Tum
1769 2473 2117 2548 immensa
2172 2475 2384 2549 unius
2426 2475 2782 2576 Principis
2828 2476 3108 2553 luxuria
3146 2475 3223 2548 in
3259 2501 3361 2576 pu
3413 2473 3600 2551 licos
3641 2475 3802 2548 usus
3858 2474 4086 2548 versa.
4144 2475 4314 2550 Co-

1536 2568 1754 2644 lossus
1803 2575 2052 2646 dicatus
2094 2577 2262 2648 Solis
2309 2582 2709 2650 venerationi
2761 2574 2847 2673 est
2880 2631 2903 2665 ,
2951 2579 3277 2650 damnatis
3325 2579 3668 2671 sceleribus
3721 2572 4063 2648 Neronis.
4125 2573 4315 2648 Plin.

1532 2666 1844 2745 XXXIV
1865 2727 1889 2762 ‚
1940 2699 2013 2768 7.
2043 2675 2401 2769 Clariffi'ma
2433 2675 2692 2750 artium
2721 2683 3106 2747 monimenta
3149 2682 3216 2747 in
3246 2676 3476 2769 templo
3526 2677 3712 2750 Pacis
3744 2674 4008 2771 aliisque
4043 2671 4313 2773 Vespa-

1537 2765 1714 2841 fiani
1757 2775 2039 2866 operibus
2077 2772 2336 2847 dicata.
2380 2773 2569 2848 Plin.
2617 2772 2978 2862 XXXIV,
3015 2779 3087 2846 8.
3132 2798 3333 2848 num.
3389 2796 3517 2866 24.
3564 2771 3656 2846 In
3686 2769 3784 2843 sta
3837 2796 4096 2845 norum
4135 2772 4312 2848 loco

1535 2868 1902 2945 affurrexit
1925 2870 2275 2972 stupenda
2294 2873 2522 2973 magis
2539 2876 2684 2946 Am
2741 2871 3084 2946 hitheatri
3102 2871 3355 2947 moles.
3375 2870 3719 2947 Thermae
3741 2798 3899 2944 'Igiti
3927 2871 4311 2970 superbum

1537 2990 1787 3079 agrum
1831 2983 2312 3071 occupavere.
2370 2971 2611 3046 Roma
2710 2997 2948 3047 emum
2982 2969 3332 3047 Romanis
3376 2970 3663 3051 reddita
3704 2969 3841 3064 est,
3887 2992 3969 3045 ut
4020 2972 4309 3076 egregie

1538 3064 1723 3147 dicit
1768 3069 2165 3165 Martialis,
2195 3071 2359 3148 libr.
2391 3071 2792 3174 Spestacul.
2839 3070 3207 3176 Epigram.
3241 3100 3317 3151 2.

2011 3229 2121 3293 Hic
2140 3278 2161 3306 ,
2194 3228 2288 3291 ubi
2346 3227 2562 3292 zdereus
2584 3229 2811 3308 propius
2841 3230 2993 3292 videt
3034 3230 3179 3370 asim
3214 3229 3433 3316 colqffiis
3454 3272 3485 3309 ,Α

2087 3308 2172 3369 Et
2205 3329 2294 3370 cre
2317 3328 2449 3370 cunt
2483 3309 2666 3369 medici
2698 3328 2960 3391 pegmata
2998 3312 3141 3391 cesa
3170 3312 3304 3374 via,-

2010 3387 2291 3468 Invidiofiz
2309 3387 2429 3465 feri
2455 3386 2758 3450 radiabant
2798 3390 2948 3451 atria
2987 3411 3046 3451 re
3086 3391 3175 3464 is,

2095 3467 2324 3548 Unaque
2353 3469 2474 3547 jam
2510 3471 2626 3529 totd
2636 3466 2830 3548 stabat
2856 3470 2917 3529 in
2957 3490 3022 3529 ur
3058 3490 3087 3529 e
3125 3469 3334 3531 domus.

2012 3543 2160 3622 Hic,
2204 3546 2296 3608 ubi
2332 3546 2603 3626 conspicui
2635 3546 2967 3608 venerabilis
3003 3547 3390 3625 amphitheatri

2091 3622 2197 3686 Eri
2246 3626 2351 3687 'tur
2371 3624 2573 3703 moles,
2590 3624 2803 3708 stagna
2829 3626 3078 3689 Neronis
3108 3646 3292 3689 erant.

2016 3701 2127 3763 Hic
2153 3726 2188 3763 u
2225 3706 2245 3766 i
2278 3705 2546 3765 miramur
2572 3705 2785 3766 velocia
2816 3727 3046 3768 munera
3079 3706 3322 3767 thermas

2092 3782 2182 3843 Ab
2228 3784 2409 3845 ulerar
2444 3784 2655 3865 miseris
2687 3785 3106 3865 reffaflcperbus
3141 3807 3303 3867 ager.

2016 3857 2160 3921 Clau
2202 3863 2259 3924 ia
2303 3860 2530 3945 diffusas
2564 3863 2657 3926 ubi
2679 3865 2928 3940 porticus
2961 3864 3205 3942 explicat
3234 3863 3495 3943 umbras,

2087 3939 2293 4002 Ultima
2328 3962 2466 4017 pars
2499 3942 2642 4004 aulae
2673 3942 2983 4023 deficientis
3015 3963 3157 4008 erat.

1963 4072 1968 4078 .
2005 4015 2247 4079 Reddita
2288 4019 2589 4102 Romaszhi
2620 4022 2727 4104 est,
2762 4022 2824 4083 ὓ·
2846 4024 2987 4103 fiant
3008 4072 3026 4101 ,
3063 4041 3116 4085 te
3142 4022 3405 4105 praefide,
3442 4022 3666 4104 Coefizr,

2088 4095 2335 4160 Deliciae
2374 4100 2560 4175 populi
2582 4148 2602 4178 ,
2637 4122 2756 4182 quae
2771 4100 3009 4178 fuerant
3031 4102 3259 4165 domini.

1637 4203 1904 4282 Aureae
1952 4208 2210 4285 domfis
2259 4213 2862 4318 ichnographiam
2884 4269 2904 4303 ,
2952 4214 3046 4288 ad
3076 4234 3407 4289 veterum
3434 4215 3861 4314 scriptorum
3906 4211 4127 4288 fidem
4156 4267 4175 4300 ,
4219 4236 4309 4288 ac

1543 4306 1854 4382 maxime
1888 4309 1981 4384 ad
2007 4311 2162 4385 hoc
2183 4311 2535 4389 Martialis
2563 4317 3003 4416 epigramma
3027 4320 3339 4388 exaflam
3365 4372 3387 4403 ,
3416 4315 3815 4389 delineavit
3833 4314 3947 4386 Cl.
3971 4310 4308 4401 Piraneli,

1542 4411 1890 4481 Antichita
1931 4412 2260 4503 Romane,
2303 4414 2526 4488 Tom.
2584 4418 2645 4489 Ι.
2709 4412 2974 4490 Tabul.
3034 4412 3296 4488 XLIII.
3336 4414 3629 4489 Exstant
3673 4414 3911 4487 adhuc
3969 4411 4301 4515 quaedam

1543 4505 1698 4597 ejus
1745 4507 2001 4584 rudera
2029 4567 2048 4599 ,
2135 4539 2245 4589 uae
2277 4513 2450 4589 vide
2476 4513 2671 4616 apud
2698 4511 3033 4589 eumdem
3067 4513 3373 4591 Piranefi
3398 4571 3421 4605 ,
3462 4515 3605 4590 loe.
3638 4514 3760 4588 cit.
3786 4520 3853 4588 &
3874 4538 4040 4614 pag.
4074 4536 4191 4613 34.
4213 4534 4298 4582 ac

1528 4599 1801 4680 .·Tabul.
1847 4609 2087 4684 XXXI
2129 4614 2187 4686 Ι.

1531 4724 1542 4761 ⁵
1576 4798 1593 4811 ,
1640 4705 2014 4795 Quantum
2066 4735 2307 4788 autem
2339 4716 2821 4817 impensarum
2861 4716 2933 4787 in
2961 4714 3100 4788 hac
3144 4715 3370 4789 domo
3402 4712 3825 4789 exstruenda
3856 4712 4109 4785 saelum
4135 4708 4303 4783 fue-

1534 4820 1666 4883 nt,
1698 4802 1860 4875 satis
1901 4806 2219 4886 declarat
2270 4818 2661 4892 Suetonius
2701 4816 2849 4891 loc.
2883 4815 3004 4887 cit.
3043 4814 3208 4888 cum
3250 4815 3350 4887 ait
3390 4818 3766 4889 Neronem
3796 4839 3916 4884 non
3949 4817 4014 4883 in
4048 4810 4191 4881 alili
4239 4834 4303 4880 re

1525 4896 2066 4983 damnofiorem
2097 4911 2297 4989 fuiffe
2315 4969 2340 5009 ,
2372 4921 2569 5018 quam
2601 4924 2668 4991 in
2703 4916 3095 5017 aedificando.
3138 4913 3481 5017 Apertius
3509 4914 3751 4990 adhue
3776 4907 4305 5015 expressiusque
