4975 6149
2005 423 2105 507 C.
2225 406 3083 507 CORNELII
3185 416 3812 507 TACITI

1217 617 1451 665 Ξ
1501 579 1798 672 eximia
1825 562 2309 688 nobilitate,
2339 579 2924 697 disciplinaque
2949 583 3048 667 C.
3074 582 3312 667 Caffii
3344 593 3403 686 ¹,
3451 581 3662 697 apud
3692 611 3933 693 quem
3975 583 4279 670 educa-

1213 698 1444 845 Agu‘gc’
1501 741 1628 799 tus
1654 739 1823 797 erat
1848 772 1874 815 ‚
1907 712 2007 795 ad
2031 740 2363 808 omnem
2405 706 2972 794 claritudinem
3010 708 3363 795 sublatus
3391 769 3419 813 ,
3463 711 3893 824 imperium
3938 710 4277 796 invade-s

1269 803 1328 946 J}
1353 897 1418 949 ο,
1499 868 1665 942 ret,
1693 838 2066 954 prompte
2091 837 2390 921 daturis
2425 866 2798 950 operam,
2836 840 2975 948 qui
3000 868 3045 920 a
3076 833 3637 943 conjuratione
3666 838 3963 948 integri
3992 838 4275 943 essent,

1291 987 1396 1061 65.
1504 970 1800 1078 quique
1850 966 2408 1049 miserarentur
2447 967 2915 1068 Neronem,
2970 988 3380 1074 tamquam
3433 990 3576 1076 per
3628 961 3888 1048 scelus
3945 965 4274 1050 interfe-

1505 1098 1744 1176 ἃιισι.
1793 1091 2164 1202 Plerique
2208 1126 2254 1167 <t
2290 1092 2600 1178 Vestini
2631 1119 2953 1200 quoque
2991 1087 3346 1173 consulis
3403 1115 3586 1172 acre
3625 1090 4043 1200 ingenium
4081 1094 4276 1179 vita·
4358 1100 4440 1196 ‘53

1505 1218 1762 1303 »visse
1813 1220 2188 1303 Pisonem
2217 1252 2261 1293 »
2321 1216 2834 1300 crediderunt
2863 1276 2890 1318 ,
2931 1249 2976 1291 «
3007 1245 3108 1298 ne
3135 1216 3236 1301 ad
3265 1213 3720 1311 libertatem
3757 1245 4220 1302 moveretur
4243 1275 4275 1320 ,

1506 1342 1704 1429 »vel
1737 1342 2047 1429 delefiio
2084 1345 2580 1457 Imperatore
2629 1340 2831 1446 alio,
2873 1342 2991 1425 sui
3036 1344 3388 1425 muneris
3445 1340 4034 1456 rempublicam
4067 1345 4276 1428 face-

1505 1499 1629 1556 ret
1669 1479 1792 1555 2».
1861 1470 2191 1553 Etenim
2240 1498 2526 1584 expers
2595 1466 3179 1575 conjurationis
3218 1495 3446 1564 erat;
3494 1471 3854 1579 quamvis
3891 1471 4125 1585 super
4171 1500 4275 1554 eo

1512 1599 1848 1684 crimine
1864 1601 2093 1681 Nero
2132 1622 2362 1680 vetus
2392 1596 2767 1680 adversus
2800 1596 3205 1681 insontem
3243 1595 3520 1680 odium
3553 1593 4027 1711 expleverit.
4078 1606 4084 1614 ’

1633 1724 1901 1806 LIII.
1964 1723 2390 1805 TANDEM
2443 1723 2779 1807 statuere
2815 1783 2844 1826 ,
2898 1723 3395 1808 Circensium
3447 1719 3826 1806 ludorum
3865 1723 4039 1806 die³
4066 1782 4095 1826 ,
4141 1724 4279 1834 qui

1511 1849 1791 1932 Cereri
1825 1846 2277 1932 celebratur
2299 1908 2326 1951 ,
2357 1850 2684 1960 exsequi
2711 1849 3122 1935 destinata:
3144 1852 3328 1961 quia
3356 1847 3657 1952 Caesar,
3687 1879 3904 1933 rarus
3931 1850 4233 1962 egressu
4251 1908 4281 1953 ‚

1512 1976 1923 2086 domoque
1949 2002 2084 2059 aut
2097 1977 2351 2058 hortis
2371 1973 2714 2078 clausus,
2731 1977 2826 2060 ad
2857 1975 3171 2062 ludicra
3199 1976 3423 2060 Circi
3449 1974 3935 2073 ventitabat3
3966 2006 4283 2090 promp-

1510 2102 1915 2211 tioresque
1948 2101 2204 2185 aditus
2250 2126 2477 2184 erant
2498 2097 2773 2184 laetitia
2803 2101 3260 2217 spessaculi.
3293 2103 3691 2186 Ordinem
3724 2103 4018 2187 insidiis
4057 2132 4286 2186 com-

1519 2228 1952 2342 posuerant
1975 2285 2003 2330 ,
2064 2261 2110 2302 (ι
2135 2254 2226 2309 ut
2250 2227 2696 2310 Lateranus
2736 2228 2949 2337 quasi
2975 2226 3404 2311 subsidium
3426 2230 3542 2310 rei
3564 2226 3939 2311 familiari
3966 2255 4233 2313 oraret
4256 2286 4284 2331 ,

1513 2350 2240 2465 »deprecabundus
2266 2411 2294 2455 ,
2349 2361 2429 2435 ὅ(
2468 2351 2809 2464 genibus
2837 2354 3233 2467 Principis
3283 2352 3661 2438 accidens
3683 2413 3712 2456 ,
3761 2356 4288 2468 prosterneret

1514 2481 2000 2579 »incautum
2062 2504 2619 2591 premeretque
2646 2538 2672 2580 ‚
2738 2480 2983 2561 animi
3021 2477 3333 2564 validus
3372 2539 3400 2583 ,
3446 2485 3530 2562 ὃ(
3585 2508 3926 2592 corpore
3975 2482 4286 2593 ingens.

1514 2605 1796 2686 »Tum
1831 2600 2237 2709 jacentem
2264 2605 2853 2717 &impeditum
2883 2664 2913 2709 ‚
2959 2604 3261 2690 tribuni
3306 2614 3388 2690 &
3434 2608 3991 2709 centuriones,
4026 2616 4108 2692 δε
4150 2639 4290 2692 ce-

1512 2755 1937 2813 »terorum
1997 2757 2090 2814 ut
2145 2732 2474 2841 quisque
2516 2731 2905 2815 audentiae
2948 2731 3383 2835 habuisset,
3432 2760 3988 2837 accurrerent,
4032 2737 4289 2819 truci-

1515 2841 1956 2966 dar'entque
1983 2890 2063 2939 »z
2109 2891 2152 2935 «
2180 2859 2471 2970 primas
2514 2856 2650 2939 sibi
2688 2884 2949 2972 partes
2987 2893 3030 2933 »
3078 2855 3635 2971 expostulante
3675 2861 4034 2943 Scevino
4062 2920 4091 2964 ,
4150 2862 4291 2972 qui

1521 2985 1965 3100 pugionem
1988 3042 2014 3086 ‚
2062 2980 2377 3098 templo
2400 2983 2699 3069 Salutis
2725 2996 2764 3043 4
2795 2986 2878 3066 in
2905 2982 3221 3067 Etruria
3249 3045 3277 3090 ,
3308 2986 3464 3068 sive
3480 3045 3509 3089 ,
3539 3010 3631 3067 ut
3668 2983 3805 3067 alii
3833 2986 4231 3072 tradidere
4260 3046 4290 3092 ,
4343 3009 4449 3068 20

1521 3112 1897 3196 Fortuna:
1929 3113 2366 3195 Ferentino
2404 3115 2485 3193 in
2529 3111 2834 3227 oppido
2866 3120 2891 3177 ⁵
2922 3111 3424 3216 detraxerat,
3494 3112 4000 3224 gestabatque
4065 3112 4294 3204 velut

1521 3265 1821 3346 magno
1884 3240 2111 3349 operi
2168 3237 2507 3321 sacrum.
2580 3271 2625 3314 ι(
2653 3237 2990 3321 Interim
3033 3240 3215 3323 Piso
3299 3239 3512 3354 apud
3568 3240 3815 3324 aedem
3864 3240 4178 3324 Cereris
4256 3240 4293 3312 ’ἵ

1521 3363 2130 3478 »opperiretur‚
2161 3362 2377 3482 unde
2440 3395 2628 3449 eum
2672 3364 3078 3481 praefefilus
3125 3368 3194 3451 F
3198 3369 3424 3451 enius
3489 3372 3573 3449 ὃ(
3627 3369 3876 3450 ceteri
3938 3368 4295 3452 accitum

1500 435 1673 533 238

4343 1749 4435 1807 10

1604 3682 1623 3710 ¹
1674 3673 1750 3734 C.
1792 3673 2063 3748 Cassii]
2118 3675 2193 3735 C.
2231 3673 2457 3736 Caffius
2481 3675 2721 3753 conjux
2748 3676 2871 3739 Le·

1521 3747 1682 3829 pidae
1711 3796 1730 3824 ,
1782 3752 1859 3811 L.
1903 3749 2098 3811 Silani
2138 3752 2363 3816 amitae.
2403 3754 2563 3819 Vide
2595 3760 2871 3818 Stemma

1526 3827 1833 3888 Caesarum
1858 3874 1877 3903 ,
1921 3848 2095 3890 num.
2119 3837 2201 3909 64
2229 3832 2298 3895 &
2319 3839 2419 3902 65.
2453 3836 2530 3894 L.
2566 3833 2806 3896 Silanus
2850 3880 2869 3909 ,

1523 3904 1857 3968 interfecto
1912 3923 2084 3985 patre
2124 3909 2233 3972 suo
2273 3911 2361 3971 M.
2387 3911 2578 3975 Junio
2610 3912 2824 3975 Silano
2850 3962 2869 3992 ,

1523 3984 1689 4061 apud
1726 3987 1801 4046 C.
1837 3985 2101 4047 Cassium
2125 3988 2418 4051 educatus
2446 3988 2668 4054 fuerat.

1604 4069 1631 4099 ²
1675 4065 1784 4123 Su1
1838 4081 2114 4126 nonanis
2167 4088 2631 4131 REMPUBLICAM
2692 4094 2873 4134 men·-

1524 4140 1710 4216 ιιετ]
1758 4142 1857 4203 Ne
1905 4143 1986 4204 ad
2026 4143 2384 4208 libertatem
2432 4146 2871 4212 restituendam

1524 4235 1890 4281 moveretur
1920 4268 1939 4296 ,
1974 4222 2081 4285 vel
2127 4221 2173 4284 fl
2220 4227 2673 4301 Imperatorem
2720 4227 2875 4289 deli—

1524 4315 1672 4388 gere
1693 4312 2009 4362 teneretur
2026 4347 2048 4375 ,
2078 4300 2529 4380 rempublicam
2546 4302 2634 4366 sui
2660 4323 2875 4368 mune-

1526 4395 1609 4438 ns
1641 4373 1878 4440 faceret
1918 4426 1937 4454 ,
1993 4399 2264 4461 eumque
2324 4398 2563 4444 crearet
2610 4386 2875 4461 Impera-

1527 4470 1734 4517 torem
1761 4504 1779 4531 ,
1811 4476 1999 4536 quem
2029 4458 2142 4521 fibi
2171 4475 2349 4524 tanto
2385 4479 2646 4525 munere
2679 4463 2873 4544 magis

1523 4533 1893 4597 devinaum
1922 4536 2123 4602 sciret.
2532 4558 2545 4568 ·

1611 4622 1632 4664 3
1680 4617 2087 4679 Cisscnusnm
2124 4638 2445 4679 umorum
2479 4623 2640 4697 ma]
2667 4618 2875 4683 Pridie

1529 4688 1708 4776 Idus,
1743 4691 1846 4753 seu
1872 4694 1975 4757 die
2009 4718 2077 4758 12
2098 4744 2117 4772 ,
2151 4695 2378 4776 Aprilis
2408 4744 2428 4772 ,
2468 4697 2724 4760 initium
2755 4696 2875 4762 fuit

1529 4764 1693 4826 ludis
1722 4768 2197 4837 Cerealicis.·1n
2236 4793 2449 4838 vetere
2487 4777 2872 4841 Kalendario

1533 4863 1702 4906 vnn).
1745 4847 1840 4934 In.
1873 4854 2094 4914 Aean„
2146 4874 2300 4914 ιυοι
2347 4857 2730 4919 Canium.
2763 4859 2875 4919 Per

1532 4923 1677 4990 οξὶο
1713 4923 1842 4988 dies
1884 4929 2377 4997 celebrabantur.
2419 4933 2717 5000 Existimo
2763 4956 2875 4999 oc·

2948 3689 3159 3738 ravam
3176 3674 3349 3741 diem
3373 3723 3392 3753 ,
3427 3676 3554 3743 sive
3605 3700 3680 3755 19
3712 3674 3981 3757 Aprilis,
4025 3676 4301 3756 aeoniu-

2949 3755 3092 3818 ratis
3149 3755 3325 3822 fuisse
3380 3758 3685 3821 statutam.
3753 3756 3855 3818 Sic
3910 3755 4081 3818 enirn
4130 3756 4301 3820 idem

2948 3834 3401 3899 Kalendarium
3451 3858 3577 3901 :1111
3623 3835 3999 3898 KwMAn.
4037 3838 4305 3898 Canan-

2952 3937 3106 3976 1.1c1.
3165 3915 3396 3977 Eadem
3447 3933 3707 4005 quoque
3740 3910 3843 3972 die
3891 3912 3960 3973 in
3999 3912 4306 3978 laterculo

2950 3992 3245 4056 Polemaei
3306 3993 3493 4056 silvii
3540 3994 3925 4053 Cmcnusns.
4006 4013 4305 4057 consutis

2950 4092 3199 4135 ‘rssn‘rm
3240 4092 3481 4131 MAPPAE.
3524 4069 3619 4131 De
3658 4066 3750 4129 his
3790 4067 3992 4132 adhuc
4027 4073 4201 4151 plura
4236 4072 4306 4133 in

2951 4148 3140 4210 Notis
3181 4148 3252 4211 ὅ(
3298 4146 3866 4211 Emendationibus
3932 4150 4012 4211 ad
4074 4150 4304 4214 Annal.

2950 4231 3377 4395 XY’Jli-gsaPLo
3398 4308 3691 4397 ‘SA-tuns
3723 4309 3751 4384 ]
3782 4310 3857 4368 In
3889 4327 4018 4399 quo
4046 4305 4305 4370 Etrurie

2953 4385 3193 4463 oppido
3254 4381 3447 4447 fuerit
3508 4387 3574 4447 1d
3617 4386 3923 4465 templum
3958 4402 4302 4467 ignoratur.

2952 4466 3144 4526 Forte
3163 4463 3555 4540 redundant,
3593 4463 3652 4524 in
3670 4463 3925 4526 Etrurid.
4248 4534 4264 4548 ·

3037 4553 3055 4598 5
3103 4541 3475 4608 Famam-mo
3526 4567 3591 4607 m
3651 4565 3886 4606 01’1’1120
3932 4546 3961 4618 ]
4011 4541 4302 4601 Ferenti-

2953 4642 3105 4683 num
3127 4664 3145 4692 ,
3194 4623 3496 4702 oppidum
3535 4621 3793 4708 Etruria}
3825 4667 3844 4694 ‚
3888 4638 4056 4704 nunc
4078 4614 4299 4676 Frenti-

2952 4700 3113 4764 Vide
3135 4702 3335 4764 Notas
3366 4702 3437 4766 &
3457 4700 3947 4763 Emendationes
3972 4696 4055 4758 ad
4071 4697 4302 4762 Annal-

2955 4782 3069 4841 XV
3089 4826 3108 4854 ‚
3180 4799 3233 4855 3.

3031 4862 3059 4899 ⁶
3099 4799 3277 4919 A51²u1>
3310 4879 3499 4919 monn
3536 4857 3866 4931 Cannis]
3920 4856 3998 4917 In
4014 4857 4102 4917 XI
4118 4851 4300 4915 Urbis

2951 4935 3210 5020 regione
3230 4982 3250 5016 ‚
3273 4935 3434 5000 haud
3463 4934 3687 5013 procul
3712 4953 3748 4998 a
3773 4933 3968 4999 Circo
3993 4932 4302 5000 maximo.
