4975 6149
1053 397 1706 492 ANNALIUM
1765 398 2114 489 LIBER
2176 394 2694 490 DECIMUS
2758 402 3218 494 SEXTUS.
3352 423 3475 505 26
3483 442 3529 517 3

743 577 923 664 nius
985 564 1342 658 Fabatus
1379 575 1402 610 ¹
1432 621 1463 669 ,
1521 592 1765 677 eques
1832 565 2315 651 Romanus:
2370 571 2563 678 qui,
2630 565 3041 684 appellato
3110 572 3534 690 Principe,
3580 604 3819 650 Ξ

738 705 1168 817 instantem
1203 694 1815 780 damnationem
1847 692 2191 776 frustrati
2211 752 2242 799 ,
2283 724 2481 779 mox
2515 698 2940 783 Neronem
2971 702 3189 786 circa
3223 699 3532 790 summa

739 830 1049 918 scelera
1096 825 1582 925 distentum,
1642 820 1856 933 quasi
1896 824 2249 908 minores
2274 883 2304 929 ,
2358 824 2707 908 evasere.

867 960 1046 1042 lx.
1103 955 1401 1036 Tunc
1432 946 1815 1035 consulto
1870 950 2230 1058 senatGS,
2296 982 2343 1028 κ
2391 951 2656 1036 Cassio
2697 959 2781 1036 ὅ(
2818 950 3099 1040 Silano
3159 955 3432 1044 exsilia
3473 993 3521 1038 >2

637 1111 686 1195 5
745 1087 1345 1175 decernuntur,
1390 1110 1437 1153 «
1476 1078 1577 1162 de
1634 1074 1950 1193 Lepida
2007 1079 2267 1163 Caesar
2312 1080 2691 1165 statueret
2732 1114 2821 1164 2).
2874 1081 3536 1197 Deportatusque

741 1217 829 1297 in
879 1206 1226 1295 insulam
1253 1204 1710 1290 Sardiniam
1749 1203 2052 1291 Caffius
2090 1214 2121 1250 ²
2168 1214 2252 1290 &
2290 1207 2648 1293 senectus
2691 1205 2862 1316 ejus
2903 1210 3538 1326 exspectabatur.

742 1336 1063 1425 Silanus
1106 1362 1520 1446 tamquam
1572 1336 1907 1418 Naxum
1949 1343 2030 1438 ³,
2087 1333 2668 1440 deveheretur,
2725 1338 3035 1421 Ostiam
3071 1347 3110 1396 4
3164 1368 3532 1451 amotus;

746 1468 920 1582 post
977 1464 1435 1577 municipio
1495 1459 1868 1576 Apuliae,
1906 1464 2042 1547 cui
2098 1492 2403 1547 nomen
2455 1466 2565 1547 est
2616 1464 2944 1547 Barium
2974 1474 3052 1570 5,
3105 1464 3532 1555 clauditur.

746 1591 933 1677 Illic
982 1589 1614 1703 indignissimum
1662 1590 1935 1674 casum
1990 1590 2392 1704 sapienter
2440 1587 2794 1676 tolerans
2818 1652 2850 1695 ,
2879 1623 2935 1676 -a
2995 1598 3539 1700 centurione,

591 1743 694 1801 ιο
750 1720 850 1804 ad
892 1718 1194 1803 caedem
1219 1717 1450 1803 miffo
1472 1776 1501 1820 ,
1534 1719 2001 1833 corripitur:
2026 1718 2578 1831 Suadentiqu'e
2618 1748 2926 1813 «venas
2953 1719 3535 1836 abrumpere»,

762 1881 809 1923 «
840 1848 1199 1931 animum
1240 1845 1590 1963 quidem¹
1619 1848 1865 1928 morti
1893 1844 2369 1930 destinatum
2408 1881 2454 1923 2>
2509 1848 2663 1950 ait,
2717 1879 2763 1922 «
2793 1846 2932 1930 sed
2988 1878 3157 1933 non
3201 1853 3535 1964 permit-

746 2001 981 2057 »tere
1037 1970 1475 2087 percuss'ori
1532 1967 1881 2083 gloriam
1938 1974 2351 2058 ministerii
2392 2007 2481 2091 ᾗ).
2525 1973 2641 2057 At
2692 1977 3064 2059 centurio
3090 2035 3119 2079 ,
3168 1981 3535 2088 quamvis

749 2104 1193 2204 inermem,
1243 2097 1766 2213 praevalidum
1832 2111 2163 2204 tamen,
2214 2109 2298 2185 ὅ(
2364 2105 2493 2182 irae
2554 2098 2794 2211 quam
2856 2103 3135 2185 timori
3206 2106 3537 2218 propio-

749 2257 973 2330 rem,
1028 2252 1363 2311 cernens
1391 2285 1420 2330 ,
1493 2229 1753 2342 premi
1805 2258 1852 2310 a
1899 2224 2292 2311 militibus
2340 2224 2596 2334 jubet.
2659 2230 2850 2311 Nec
2903 2228 3167 2310 omisit
3209 2227 3537 2314 Silanus

586 2371 686 2455 15
749 2352 1062 2457 obniti,
1117 2361 1201 2436 &
1249 2353 1670 2438 intendere
1733 2356 1931 2438 iaus
1956 2412 1985 2457 ,
2031 2358 2421 2465 quantum
2471 2351 2842 2438 manibus
2883 2354 3116 2439 nudis
3157 2350 3535 2459 valebat,

745 2481 1013 2566 donec
1059 2510 1106 2565 a
1146 2481 1624 2565 centurione
1675 2478 2147 2566 vulneribus
2179 2480 2520 2567 adverfis
2544 2540 2577 2587 ,
2630 2507 3040 2593 tamquam
3067 2484 3156 2563 in
3205 2478 3478 2597 pugna
3501 2538 3535 2586 ,

747 2606 1102 2693 caderet.

869 2734 984 2818 X.
1050 2736 1205 2818 HA
1224 2758 1359 2817 UD
1399 2739 1661 2819 minus
1687 2736 2062 2850 prompte
2085 2734 2191 2820 L.
2212 2738 2473 2821 Vetus
2502 2793 2530 2838 ,
2568 2734 2999 2845 socrusque
3028 2731 3198 2841 ejus
3229 2734 3539 2838 Sextia,

748 2868 834 2945 ὅ(
876 2858 1232 2945 Pollutia
1298 2857 1464 2946 filia
1491 2921 1521 2967 ,
1577 2890 1865 2945 necem
1944 2859 2300 2945 subiere:
2371 2860 2603 2944 invisi
2660 2861 3072 2974 Principi,
3123 2881 3539 2973 tamquam

583 3007 694 3065 20
748 2986 1107 3073 vivendo
1153 2987 1730 3103 exprobrarent
1778 2986 2289 3072 interfectum
2330 2987 2485 3070 esse
2536 2982 3015 3069 Rubellium
3053 2984 3429 3071 Plautum
3456 2984 3540 3092 ⁶,

750 3145 1138 3230 generum
1214 3115 1458 3200 Lucii
1541 3117 1889 3202 Veteris.
1969 3116 2133 3200 Sed
2198 3116 2526 3198 initium
2602 3110 3067 3223 detegendae
3150 3114 3459 3198 saevitiae
3501 3123 3535 3172 ⁷

745 3242 1085 3359 praebuit
1109 3303 1138 3347 ,
1180 3244 1632 3328 interversis
1681 3243 2003 3356 patroni
2061 3239 2298 3358 rebus
2324 3301 2353 3345 ,
2403 3239 2504 3324 ad
2545 3236 3088 3323 accusandum
3135 3241 3540 3351 transgre-

749 3371 975 3456 diens
1014 3374 1505 3456 Fortunatus
1563 3367 1899 3454 libertus
1925 3427 1954 3472 ,
2017 3368 2327 3454 adscito
2375 3362 2729 3450 Claudio
2778 3364 3190 3449 Demiano
3217 3424 3245 3469 ,
3296 3391 3538 3474 quem

713 3495 854 3581 *ob
937 3499 1245 3614 flagitia
1324 3500 1687 3583 vinctum
1760 3527 1807 3582 a
1858 3497 2160 3585 Vetere
2189 3555 2220 3603 ,
2286 3495 2486 3579 Astae
2569 3488 3058 3609 proconsule·
3084 3552 3129 3597 ,μ
3188 3489 3539 3577 exsolvit

823 3763 843 3794 ¹
881 3754 1286 3821 curvamus
1316 3756 1611 3820 Flauus
1632 3751 1880 3834 JCuJ'us
1909 3752 2099 3817 exstat
2175 3749 2348 3814 Civil.
2399 3770 2540 3833 pag.
2575 3770 2683 3829 113
2737 3747 2809 3815 δε
2836 3747 3033 3839 seqq..
3090 3825 3106 3838 .

747 3847 923 3896 vetus
950 3835 1282 3916 Inscriptio
1302 3883 1321 3912 ,
1349 3854 1538 3917 quam
1558 3832 1707 3897 vide
1728 3834 1797 3895 in
1821 3832 2011 3896 Notis
2029 3835 2098 3898 ὃ(
2257 3842 2278 3885 3
2326 3832 2580 3894 Naxum
2601 3831 2633 3907 ]
2658 3827 2850 3912 AEgaei
2881 3847 3064 3892 maris
3086 3825 3371 3892 insulam.
3397 3826 3538 3891 Ho-

743 3911 1314 3978 Ernendationibus
1341 3916 1421 3978 ad
1451 3912 1680 3976 Annal.
1709 3905 1894 3988 XVI,
1921 3916 1977 3974 8.
2179 3908 2284 3974 die
2325 3909 2553 3971 Naxia.
3000 3984 3013 3998 ο

821 3998 847 4025 ²
919 3994 989 4053 ln
1024 4016 1299 4058 rasuram
1333 3997 1704 4056 SAnmmAu
1754 3993 2019 4055 Cassms
2063 3993 2093 4068 ]
2256 3997 2291 4038 4
2328 3991 2638 4067 Osrnm]
2674 3988 2864 4050 Nunc
2896 3983 3071 4066 Osha.

747 4071 838 4160 Ita
865 4089 1124 4211 quoque
1144 4071 1531 4152 Pom‘ponius
1556 4073 1634 4135 de
1653 4069 1901 4160 origine
1924 4067 2097 4149 juriS,
2264 4080 2282 4126 5
2330 4071 2591 4131 Bmuuu
2613 4068 2645 4144 ]
2665 4069 2854 4131 Nunc
2872 4064 3036 4141 Bari,
3054 4062 3267 4125 dans-la
3296 4061 3539 4156 Pou'ille.

731 4146 828 4209 .D1
873 4149 978 4211 est.
1038 4197 1053 4214 .
1091 4152 1222 4214 Tit.
1265 4174 1324 4215 2.
1367 4151 1658 4216 Mass'urio
1697 4153 1934 4215 Sabino
1960 4149 2100 4229 suc·
2257 4152 2286 4190 ⁶
2325 4151 2711 4212 Romanum
2765 4149 3072 4212 Pramum
3100 4146 3137 4220 J
3201 4143 3539 4209 Rubellius-

748 4168 890 4363 ‹i'glfit
913 4226 1093 4291 Caius
1107 4228 1318 4311 Caffius
1338 4229 1634 4314 Longinus
1654 4278 1675 4306 ,
1706 4249 1876 4291 natus
1889 4249 1959 4289 ex
1966 4228 2102 4320 filici
2180 4230 2429 4293 Plautus
2455 4277 2476 4307 ,
2525 4225 2775 4291 Tiberii
2833 4235 3149 4316 pronepos
3180 4269 3201 4299 ,
3270 4240 3543 4311 uxoren}

799 4305 1094 4386 uber-onis,
1120 4330 1237 4389 quae
1268 4308 1390 4387 fuit
1426 4310 1613 4386 neptis
1631 4308 1796 4372 Serv.
1823 4307 2058 4384 Sulpztii
2077 4333 2098 4367 .·
2182 4309 2444 4374 duxerat
2503 4305 2833 4371 Antistiam
2892 4306 3230 4369 Pollutram
3266 4347 3286 4375 ‚
3343 4303 3543 4361 Lucu

746 4381 812 4444 ὓ·
854 4384 977 4445 ideo
1012 4407 1273 4464 proavum
1288 4391 1452 4469 suum
1504 4388 1761 4450 Servium
1802 4387 2102 4463 Sulpicium
2180 4389 2427 4452 Veteris
2458 4385 2701 4461 filiam,
2729 4385 2952 4449 sextiae
2971 4378 3545 4463 neptem-Demot·

745 4463 1013 4539 appellat.
1069 4466 1180 4528 Hic
1221 4468 1401 4563 constal
1436 4465 1558 4543 suit
1606 4486 1728 4526 cum
1773 4465 2101 4547 Quartino,
2181 4482 2244 4529 te
2279 4466 2559 4531 Rubellii
2589 4465 2823 4527 dietum
2863 4463 3038 4540 supra
3081 4455 3307 4521 Annal.
3348 4458 3540 4533 XIV,

746 4543 1076 4619 temporibus
1116 4544 1362 4624 szeriz,
1398 4544 1502 4626 de
1529 4543 1822 4621 plurimum
1860 4544 1922 4603 in
1958 4545 2102 4604 civi·
2186 4551 2263 4625 58
2301 4547 2371 4608 &
2422 4565 2521 4627 59.
2556 4542 2720 4608 Vide
2757 4543 2828 4605 &t
2864 4545 3142 4602 Stemma
3186 4532 3543 4613 Caesarum,

743 4637 860 4682 rate
897 4624 1244 4688 aub't'oritatis
1298 4623 1537 4701 habuit,
1596 4627 1658 4684 eo*
1718 4622 1795 4702 us
1809 4641 1879 4681 ue
1931 4620 2103 4681 donec
2182 4640 2359 4683 num.
2398 4632 2481 4704 76
2509 4624 2580 4686 8<
2620 4639 2725 4700 77.

745 4719 862 4759 eum
900 4701 1091 4784 Coefizr
1130 4708 1410 4782 (Nero)
1444 4701 1677 4764 civitate
1703 4722 1772 4778 pe
1794 4699 1970 4775 leret,
1996 4719 2104 4760 ex-
2258 4711 2287 4752 7
2328 4700 2823 4762 Dnrzcnunss
2852 4711 3159 4785 ,ερεγιτι
3181 4712 3229 4753 a
3275 4692 3305 4767 ]
3366 4691 3540 4755 For-

733 4779 926 4859 -pulsus
974 4783 1044 4843 ab
1097 4803 1156 4844 eo
1196 4785 1257 4845 in
1308 4780 1680 4857 Sardiniam,
1725 4795 2018 4841 revocatus
2064 4797 2102 4838 a
2182 4791 2432 4838 tunatus
2508 4773 2771 4855 praebuit
2848 4785 3113 4834 mitium·
3172 4770 3546 4850 detegendo

750 4856 1122 4943 Vqspafiano,
1160 4859 1302 4922 diem
1323 4864 1489 4942 ficum
1529 4860 1682 4926 obiit.
1700 4860 1798 4922 De
1821 4879 1900 4922 eo
1930 4857 2105 4937 plura
2181 4853 2429 4915 saevitiae
2491 4851 2769 4917 Neronis
2821 4852 3115 4918 adversim
3169 4851 3248 4915 L.
3294 4849 3547 4918 Veteris

748 4934 934 5010 habet
1003 4939 1293 5036 erudims„
1325 4940 1606 5012 Gravina
1632 4986 1657 5024 ,
1698 4937 1931 5023 Origin.
1971 4934 2104 5001 Jur.
2163 4934 2478 5000 domum.

3584 682 3727 733 Am.
3752 684 3818 734 C.

3621 774 3770 833 818.

3634 888 3684 938 J.
3719 888 3779 935 C.

3645 977 3754 1054 65.
