4975 6149
1519 450 1697 529 242
1964 421 2065 507 C.
2197 417 3113 507 CORNELII
3236 420 3886 510 TACITI

1242 618 1479 666 α
1516 588 1780 701 magis
1846 583 2262 697 magisque
2332 583 2631 699 pavido
2689 586 3035 672 Nerone
3066 645 3101 696 ‚
3169 616 3654 701 quamquam
3734 583 4304 705 multiplicatis

1240 705 1309 760 A.
1328 709 1392 758 U.
1410 709 1472 760 C·

1284 798 1434 860 818.

1275 907 1421 963 J0C.

1521 712 1883 803 excubiis
1933 713 2187 798 semet
2225 711 2597 828 sepfiss‘et.

1643 843 1989 929 LVIII.
2036 843 2313 953 Qum
2375 848 2458 925 ὃ(
2505 836 2863 945 Urbem,
2912 870 3055 955 per
3106 837 3564 957 manipulos
3617 843 4041 957 occupatis
4086 867 4297 931 moe⁴
4326 853 4360 885 ·

1301 999 1410 1075 65.
1518 970 1754 1056 nibus
1782 1030 1810 1075 ,
1862 969 2149 1053 insesso
2222 970 2466 1053 etiam
2543 969 2745 1053 mari
2816 974 2903 1052 ὅ(
2958 997 3192 1052 amne
3227 977 3250 1013 ¹
3285 1024 3315 1071 ,
3386 965 3616 1051 velut
3690 969 3781 1051 in
3849 972 4293 1058 custodiam

1515 1098 1767 1183 dedit.
1815 1094 2449 1207 Volitabantque
2496 1125 2638 1211 per
2696 1093 2874 1178 fo'ra
2894 1152 2924 1197 ‚
2986 1124 3129 1209 per
3196 1094 3485 1180 domos
3512 1154 3553 1199 ,
3600 1123 3785 1179 rura
3833 1126 4156 1210 quoque
4209 1108 4293 1185 δι
4392 1125 4455 1205 5

1513 1227 1887 1341 proxima
1941 1225 2628 1339 municipiorum,
2683 1220 2994 1336 pedites
3055 1222 3520 1333 equitesque
3545 1279 3573 1325 ,
3641 1226 4021 1336 permixti
4073 1228 4287 1311 Ger·

1510 1356 1770 1439 manis
1796 1413 1825 1457 ,
1864 1350 2151 1464 quibus
2175 1348 2474 1435 fidebat
2511 1353 2898 1465 Princeps
2920 1410 2949 1453 ,
2983 1349 3197 1460 quas!
3233 1351 3615 1435 externis.
3653 1347 4071 1436 Con-tinua
4092 1355 4291 1439 hinc

1511 1487 1596 1563 ὃ(
1646 1477 1916 1589 juncta
1977 1481 2298 1590 agmina
2327 1481 2596 1583 trahi,
2648 1509 2745 1562 ac
2797 1476 3103 1562 foribus
3147 1480 3573 1562 hortorum
3603 1485 3634 1520 ²
3680 1474 4075 1584 adjacere.
4134 1484 4285 1563 At-

1507 1635 1667 1717 que
1720 1604 1874 1690 ubi.
1923 1605 2351 1691 dicendam
2404 1603 2504 1690 ad
2565 1606 2884 1690 causam
2940 1604 3443 1708 introissent,
3510 1638 3556 1681 «
3608 1601 4021 1689 laetatum³
4096 1635 4287 1719 erga

1503 1729 2037 1840 »conjuratos
2058 1791 2087 1835 ,
2119 1732 2175 1814 sl
2211 1733 2591 1818 fortuitus
2639 1733 2901 1818 sermo
2925 1790 2955 1837 ,
2996 1740 3082 1817 ὅ(
3132 1731 3372 1816 subiti
3424 1731 3860 1836 occursus,
3899 1732 3956 1814 fi
3993 1735 4281 1817 convi-
4342 1769 4442 1828 10
4488 1836 4491 1839 Δ

1500 1861 1838 1965 invium,
1888 1860 1947 1941 fi
2008 1859 2553 1973 spectaculum
2618 1857 2853 1944 fimul
2898 1858 3290 1945 inissent»
3370 1889 3520 1976 pro
3578 1860 3916 1944 crimine
3964 1862 4278 1975 accipi:

1500 1993 1692 2071 curn
1754 1987 1989 2102 super
2022 1990 2383 2073 Neronis
2440 2020 2536 2074 ac
2572 1984 2973 2100 Tigellini
3024 1988 3262 2074 saevas
3313 1987 4063 2102 percun&atione3‚
4116 1988 4184 2072 F
4186 2017 4278 2070 e·-

1497 2116 1681 2198 nius
1725 2142 2045 2226 quoque
2095 2114 2363 2199 Rufus
2423 2111 2827 2198 violenter
2877 2142 3201 2226 urgeret
3223 2173 3252 2217 ,
3297 2114 3661 2197 nondum
3716 2110 3814 2196 ab
3872 2110 4276 2198 indicibus

1494 2243 2012 2343 nominatus,
2076 2240 2222 2324 sed
2267 2244 2432 2350 quo
2481 2239 2728 2323 fidem
2777 2239 3110 2323 inscitiae
3179 2263 3547 2355 pararet,
3603 2265 3836 2323 atrox
3892 2238 4271 2323 adversus

1489 2363 1789 2449 socios.
1839 2366 2069 2449 Idem
2117 2363 2416 2449 Subrio
2460 2363 2752 2450 Flavio
2791 2364 3185 2450 adfistenni
3221 2375 3262 2424 4
3284 2423 3314 2468 ‚
3355 2365 3887 2476 innuentique
3927 2394 4029 2448 an
4059 2365 4270 2448 inter
4333 2394 4357 2448 ι
4377 2388 4425 2471 5

1487 2490 1745 2603 ipsam
1786 2492 2350 2604 cognitionem
2388 2492 2890 2603 distringeret
2931 2489 3290 2603 gladium
3318 2550 3347 2595 ,
3390 2493 3847 2602 caedemque
3876 2516 4268 2606 patraret,

1486 2619 1823 2701 retinuit
1850 2678 1880 2723 ,
1935 2618 2419 2731 infregitque
2472 2621 2869 2735 impetum
2906 2614 3070 2728 jam
3112 2640 3443 2703 manum
3490 2618 3592 2703 ad
3629 2615 4012 2732 capulum
4060 2618 4267 2701 refe-

1487 2770 1766 2828 rentis.
3940 2768 3947 2773 ·

1507 2864 1520 2935 κ’
1612 2869 1869 2955 LIX.
1933 2873 2075 2957 Fu
2095 2896 2318 2978 ERE,
2372 2874 2576 2982 qui,
2634 2865 2953 2985 prodita
3020 2865 3640 2977 conjuratione,
3696 2868 3892 2953 dum
3947 2869 4264 2953 auditur

1481 2993 1885 3082 Milichus
1918 3057 1947 3102 ‚
2022 2997 2216 3082 dum
2305 2997 2620 3084 dubitat
2696 2999 3095 3083 Scevinus
3135 3054 3163 3100 ,
3236 2999 3751 3082 hortarentur
3834 2995 4263 3101 Pisonem,
4315 3024 4427 3079 20

1496 3154 1544 3198 α
1588 3152 1921 3238 pergere
1970 3128 2056 3208 in
2108 3129 2403 3231 castra,
2458 3153 2597 3212 aut
2641 3127 2885 3209 rostra
2937 3123 3369 3211 escendere
3395 3185 3422 3227 ,
3460 3125 3866 3236 studiaque
3906 3120 4258 3207 militurn

1354 3339 1358 3343 ,
1477 3255 1628 3331 »δε
1675 3250 1961 3366 populi
2001 3278 2354 3340 tentare:
2419 3254 2476 3336 fi
2523 3251 2947 3341 conatibus
3005 3248 3178 3361 ejus
3225 3252 3539 3338 conscii
3581 3274 4260 3364 aggregarentur,

1476 3375 1960 3464 »secuturos
2032 3384 2277 3465 etiam
2339 3385 2702 3494 integros
2735 3410 2777 3477 ;·
2834 3409 3371 3491 magnamque
3440 3405 3677 3463 mota:
3733 3379 3850 3461 rei
3903 3375 4257 3480 famam,

1472 3531 1710 3611 »quae
1777 3502 2213 3619 plurimum
2259 3511 2346 3590 in
2416 3511 2653 3594 novis
2715 3505 3068 3592 consiliis
3134 3503 3468 3591 valeret.
3530 3500 3774 3590 Nihil
3833 3501 4257 3587 adversum

1473 3629 1707 3714 »hoc
1780 3634 2101 3716 Neroni
2160 3637 2618 3749 provisum:
2678 3637 2922 3719 etiam
2976 3632 3224 3718 fortes
3285 3636 3504 3718 viros
3572 3629 3854 3716 subitis
3921 3632 4250 3728 terreri3
4304 3657 4348 3709 2
4361 3647 4415 3733 ς

1471 3756 1836 3838 »nedum
1879 3755 2021 3842 ille
2059 3760 2425 3846 scenicus
2457 3820 2487 3865 ‚
2534 3759 2959 3875 Tigellino
3002 3758 3319 3882 scilicet
3369 3790 3559 3846 curn
3608 3756 4038 3874 pellicibus
4089 3756 4251 3842 suis

1403 3927 1410 3934 ·
1468 3885 1978 3968 »comitante
2004 3945 2033 3987 ,
2079 3917 2294 3973 arma
2343 3887 2631 3974 contra
2677 3893 2954 3975 cieret.
3008 3887 3283 3973 Multa
3329 3882 3822 4000 experiendo
3861 3883 4255 3988 confieri.

1466 4034 1702 4114 »quae
1734 4008 2108 4120 segnibus
2153 4014 2395 4098 ardua
2447 4014 2898 4099 videantur.
2951 4016 3262 4100 Frustra
3311 4009 3714 4093 silentium
3767 4017 3851 4093 ὃῑ
3892 4009 4135 4094 fidem
4163 4012 4249 4092 in

1463 4156 1657 4217 »tot
1704 4136 2222 4222 consciorum
2272 4142 2561 4224 animis
2601 4148 2683 4224 ὅ(
2732 4136 3204 4255 corporibus
3247 4138 3568 4253 sperari.
3617 4134 4010 4223 Cruciatu
4033 4196 4063 4243 ,
4105 4162 4247 4222 aut

2968 4415 3001 4457 ⁴
3040 4408 3282 4471 Sanno
3326 4406 3596 4475 Fulvio
3650 4407 4070 4482 Ansium-n]
4101 4403 4235 4491 ‘Su-

2886 4486 3031 4551 brio
3076 4487 3345 4563 Flavio,
3384 4486 3688 4565 praetoriae
3718 4485 3996 4550 cohortis
4041 4480 4232 4569 tribu·-

2887 4586 2973 4630 no
3007 4613 3028 4642 ‚
3085 4564 3433 4643 adsistenti,
3482 4584 3768 4647 nutuque
3815 4566 4229 4648 interroganti

1540 4647 1562 4690 ³
1612 4638 2002 4728 Lan-Arum]
2039 4640 2192 4704 Non
2229 4641 2428 4706 modo
2462 4641 2680 4709 laetitia
2710 4665 2803 4709 er·
2885 4665 2965 4708 an
3002 4645 3170 4710 inter
3223 4646 3418 4726 ipsam
3473 4648 3949 4724 conjuratorum
3993 4658 4228 4717 cogni-

1456 4727 1534 4789 ga
1572 4732 1970 4794 conjuratos,
2013 4719 2116 4782 sed
2146 4720 2338 4785 etiam
2361 4721 2659 4788 fortuitus
2684 4724 2803 4788 set·
2885 4723 3133 4788 tionem
3186 4724 3573 4805 distringeret
3631 4720 3909 4802 gladium
3938 4765 3957 4792 ,
4010 4718 4225 4780 Nero-

1452 4807 1563 4849 mO
1589 4834 1607 4862 ²
1639 4793 1705 4854 &
1740 4794 1923 4857 subiti
1950 4799 2271 4875 occursu5‚
2298 4799 2340 4860 fi
2376 4803 2755 4868 convivium
2776 4851 2796 4880 ,
2883 4824 3171 4885 nemque·
3192 4803 3616 4874 interficeret,
3662 4799 3831 4860 idem
3869 4796 4103 4860 Fenius
4128 4815 4228 4858 re-

1450 4863 1498 4926 fi
1533 4865 1949 4943 spectaculum
1977 4873 2157 4942 fimul
2196 4878 2486 4962 inissent,
2515 4903 2631 4965 pro
2678 4882 2802 4951 cri-
2882 4883 3062 4958 nuit,
3097 4885 3167 4947 &c
3210 4879 3474 4970 infregit
3506 4879 3813 4957 impetum
3843 4876 4053 4940 Flavii
4098 4877 4227 4955 jam

1446 4962 1623 5009 mine
1665 4946 1894 5028 accipi.
2878 4980 3133 5028 manum
3173 4959 3254 5025 ad
3286 4958 3483 5041 gladn
3517 4957 3815 5041 capulum
3868 4953 4224 5046 referentis·

1541 4408 1568 4441 ²
1607 4401 1697 4466 Ετ
1745 4401 1978 4479 amun]
2006 4399 2250 4466 Tiberi.

1540 4487 1568 4521 ²
1600 4481 1897 4546 ‚Forunos
1951 4487 2374 4564 noar-oxma]
2413 4482 2803 4549 Serviliano-

1457 4575 1619 4619 rum.
