4975 6149
3286 527 3476 628 *527

1254 929 2913 1130 ANECDOTA

691 1319 871 1402 'DE
1003 1286 1486 1430 Caro,
1613 1289 2357 1404 CLAUDIO
2479 1329 2666 1404 ET
2790 1291 3469 1409 Nenomz

1573 1545 2594 1662 Pamczpmos.

700 1892 975 2018 Cum
1018 1943 1246 2019 multa
1287 1942 1377 2018 ab
1421 1941 1721 2046 optimis
1767 1937 2241 2051 scriptoribus
2278 1938 2749 2029 omittantur,
2799 1965 2961 2043 quae
2999 1962 3246 2021 tamen
3288 1944 3476 2025 scire

696 2039 993 2116 interest
1018 2098 1040 2132 ‚
1093 2064 1176 2117 ut
1219 2042 1637 2142 Principum
1697 2041 1998 2140 ingenia
2022 2094 2047 2130 ‚
2090 2046 2162 2117 &
2202 2060 2619 2139 temporum
2673 2039 2838 2116 usus
2895 2044 3146 2119 mores
3182 2069 3277 2121 ue
3351 2047 3474 2121 in-

697 2141 1129 2232 notescant,
1161 2141 1553 2217 Anecdota
1591 2142 1682 2216 de
1732 2139 1924 2216 Caio
1948 2193 1971 2228 ‚
2024 2139 2345 2215 Claudio
2372 2145 2442 2213 &
2471 2137 2778 2214 Nerone
2821 2137 3059 2216 Princi
3115 2143 3138 2213 i
3194 2168 3276 2217 us
3315 2147 3471 2220 sub-

696 2238 942 2338 jiciam
971 2292 996 2330 ,
1045 2266 1142 2316 ne
1192 2241 1516 2320 curiosus
1558 2240 1789 2316 lector
1834 2262 2073 2314 meam
2114 2239 2257 2315 hac
2302 2237 2383 2312 in
2425 2262 2505 2312 re
2543 2237 3000 2339 diligentiam
3091 2240 3414 2320 elideret.

1790 2410 1989 2525 De
2080 2410 2390 2527 Caio.

811 2636 1058 2712 Cato
1117 2635 1473 2740 Caligulae
1539 2662 1698 2714 non
1761 2635 2186 2711 illiteratum
2248 2633 2389 2711 fuit
2445 2634 2845 2738 ingenium.
2916 2635 3042 2715 De
3114 2636 3489 2718 rhetorica

700 2734 966 2814 Latine
1007 2734 1300 2836 scripfit.
1347 2734 1602 2809 Suidas
1641 2734 1881 2809 verbo
1925 2735 2126 2814 Γάϊος.

809 2837 919 2910 At
951 2832 1170 2926 luxu,
1222 2834 1438 2937 quam
1478 2830 1748 2921 literi3‚
1792 2830 2278 2905 celebratior:
2322 2832 2549 2907 immo
2597 2833 2848 2922 luxus,
2898 2833 3025 2935 qui
3071 2831 3483 2913 Romanum

701 2933 1090 3034 imperium
1153 2931 1474 3033 perdidit
1510 2989 1532 3022 ,
1598 2935 1844 3007 auecor
1906 2936 1975 3007 δε
2019 2929 2372 3031 :princeps
2397 2985 2422 3020 ,
2485 2937 2715 3005 centies
2766 2931 3057 3028 sestertio
3088 2987 3111 3022 ‚
3176 2936 3491 3012 Gallicae

705 3055 1024 3111 monetae
1065 3033 1269 3110 libris
1344 3049 1788 3136 1,945,5o2‚
1821 3038 2085 3106 'cenavit
2132 3055 2254 3104 uno
2300 3033 2458 3105 die:
2512 3030 2590 3105 ἔπ’
2629 3036 2699 3105 in
2740 3033 2852 3104 hoc
2897 3037 3179 3104 omnium
3221 3035 3487 3135 adjutus

703 3140 962 3233 ingenio
989 3186 1010 3220 ‚
1070 3142 1196 3208 vix
1240 3158 1452 3208 tamen
1499 3140 1748 3208 invenit
1775 3189 1798 3223 ‚
1849 3132 2155 3231 quomodo
2202 3135 2401 3203 trium
2449 3136 2933 3225 provinciarum
2983 3133 3297 3206 tributum
3355 3160 3485 3208 una

705 3259 861 3307 cena
887 3234 1109 3332 fieret.
1150 3236 1408 3309 Senec.
1457 3232 1764 3309 Consol.
1806 3230 1898 3305 ad
1943 3229 2287 3306 Helviam
2315 3283 2360 3320 ‚f
2387 3229 2519 3305 IX.

808 3331 1263 3431 Pomponius
1295 3331 1666 3409 Secundus
1693 3387 1716 3422 ‚
1763 3352 1966 3408 vates
1989 3387 2010 3421 ,
2062 3328 2362 3405 luxuriae
2395 3329 2695 3406 aemulus
2722 3385 2743 3421 ‚
2786 3353 3040 3407 cenam
3073 3329 3249 3405 fecit
3282 3329 3489 3407 Prin-

707 3430 912 3533 cipi,
958 3432 1038 3505 in
1077 3430 1222 3535 qua
1256 3432 1548 3534 fingulae
1590 3431 1827 3508 unciae
1865 3432 2025 3506 vini
2066 3428 2454 3507 constitere
2499 3454 2851 3508 nccccnx
2882 3431 3231 3519 nummiS,
3261 3433 3488 3507 Galli-

711 3558 802 3604 ιιι
842 3555 1106 3606 monetoe
1144 3535 1329 3608 libris
1384 3536 1535 3607 186
1564 3584 1586 3620 ,
1633 3531 1820 3607 Plin.
1866 3531 2043 3607 XIV
2071 3587 2093 3620 ‚
2150 3554 2228 3629 4.

816 3629 1136 3705 Instituit
1188 3631 1409 3707 Caius
1428 3635 1647 3728 Jblia,
1692 3630 1771 3705 id
1834 3629 1934 3706 est
1972 3629 2312 3721 balinea,
2364 3651 2682 3729 unguento
2727 3635 3065 3725 temperari
3089 3658 3119 3718 ,·
3163 3649 3247 3705 ut
3310 3630 3484 3705 bali-

711 3727 869 3804 neis
908 3728 1113 3804 simul
1154 3738 1224 3806 &
1262 3730 1618 3807 odoribus
1655 3750 2143 3808 recrearetur:
2181 3754 2325 3806 nec
2354 3731 2719 3822 Principale
2750 3727 2878 3805 diu
2910 3728 3049 3804 fuit
3066 3733 3176 3803 hoc
3207 3732 3437 3803 bonum
3461 3782 3487 3820 ‚

711 3827 921 4001 guod
975 3829 1271 3932 quidam
1332 3859 1417 3904 ex
1440 3834 1652 3928 servis
1692 3835 1967 3906 Neronis
2004 3828 2257 3931 postea
2303 3827 2678 3906 aemulatus
2722 3827 2843 3905 est.
2891 3827 3079 3904 Plin.
3129 3826 3361 3921 XIII,
3418 3856 3488 3932 3.

768 3950 1020 4004 ueton.
1072 3930 1153 4001 in
1197 3929 1387 4005 Caio
1428 3928 1799 4005 XXXVII.

813 4027 936 4102 Ad
968 4027 1351 4104 muliebria
1385 4028 1713 4131 delapsus
1736 4091 1755 4117 ,
1781 4031 2064 4129 chculos
2093 4028 2337 4103 induit
2371 4057 2404 4104 e
2436 4033 2838 4128 margaritis.
2871 4027 3058 4103 Plin.
3092 4023 3488 4114 XXXVII,

712 4142 792 4202 '2-
851 4132 863 4144 ⁰

812 4222 1014 4299 Inter
1049 4225 1208 4299 haec
1243 4228 1606 4325 pudendae
1647 4224 2039 4316 mollitiei,
2086 4251 2239 4303 rem
2274 4227 2817 4331 magnificentia
2854 4224 3157 4329 Imperii
3194 4225 3487 4326 dignam

717 4321 924 4398 ausus
967 4322 1088 4401 est.
1129 4324 1326 4398 Tum
1370 4326 1566 4417 enirn
1609 4332 1776 4402 abies
1815 4330 2266 4403 admirationis
2303 4335 2645 4426 praecipuae
2686 4330 2828 4425 visa
2868 4328 2956 4423 est
2997 4333 3064 4400 itt
3101 4330 3307 4413 navi,
3353 4350 3492 4424 quoe

717 4448 803 4497 ex
842 4426 1126 4522 AEgypto
1169 4479 1191 4513 ‚
1257 4427 1403 4497 Caii
1446 4428 1762 4521 Principis
1801 4430 1970 4526 juffit
2004 4487 2025 4515 ,
2093 4432 2426 4526 obeliscum
2466 4436 2537 4503 in
2583 4432 2893 4505 Vaticano
2948 4430 3111 4498 circo
3163 4422 3495 4521 statutum

721 4546 1113 4623 quatuorque
1156 4548 1406 4597 truncos
1453 4525 1692 4621 lapides
1736 4530 2011 4622 ejusdem
2048 4529 2134 4600 ad
2162 4528 2605 4624 sustinendum
2651 4553 2793 4601 eum
2835 4525 3115 4598 adduxit
3143 4551 3172 4593 .·
3224 4522 3350 4622 qud
3381 4548 3500 4595 na-

715 4648 799 4699 ve
847 4626 1009 4695 nihil
1053 4624 1500 4697 admirabilius
1540 4625 1749 4720 viliam
1785 4628 1855 4697 in
1899 4629 2066 4697 mari
2112 4650 2354 4699 certum
2399 4627 2508 4725 est.
2554 4654 2722 4698 cxx
2767 4655 2829 4695 u
2861 4678 2885 4715 ,
2934 4623 3014 4696 id
3061 4620 3160 4697 est
3202 4640 3499 4697 centum

720 4720 991 4821 viginti
1031 4722 1262 4796 millia
1289 4780 1309 4813 ‚
1359 4724 1641 4798 modium
1685 4727 1872 4797 lentis
1904 4751 2027 4819 pro
2069 4714 2352 4819 saburrd
2376 4778 2399 4813 ,
2449 4722 2738 4798 Gallice
2782 4722 2854 4798 le
2922 4720 3055 4797 lest
3093 4777 3114 4812 ‚
3185 4727 3241 4795 ei
3280 4722 3495 4819 fuere.

721 4819 1089 4918 Longitudo
1110 4830 1402 4917 spatium
1431 4827 1736 4907 ⁴obtinuit
1793 4824 2033 4920 magud
2076 4848 2161 4897 ex
2197 4848 2389 4920 parte
2448 4822 2753 4922 Ostiensis
2783 4824 3012 4919 portiis
3062 4824 3265 4895 latere
3306 4824 3503 4895 laevo.

720 4919 824 4993 Ibi
867 4945 1135 5024 namque
1177 4925 1456 5041 demet-[a
1500 4924 1587 5023 cst
1633 4950 1676 4999 a
1718 4924 1990 5001 Claudio
2033 4928 2328 5020 PrinctPe
2349 4977 2375 5018 ,
2421 4949 2567 4997 cum
2598 4924 2800 5001 tribus
2835 4924 3154 5017 molibus,
3222 4925 3506 4999 turrium
