4975 6149
1430 403 1564 491 150
1666 389 1701 462 1
1957 375 2062 464 e.
2177 361 3015 512 CORNELII
3122 369 3697 462 TACITI

1152 567 1394 618 -Ξ
1437 527 1859 659 religione
1902 537 2299 629 Herculi:
2344 542 2483 653 qui
2507 601 2539 647 ,
2601 565 2973 656 tempore
3034 539 3288 645 stato,
3341 569 3485 656 per
3533 541 3893 651 quietem
3944 572 4230 636 monet

1154 662 1393 718 *¹20*
1444 673 1958 780 sacerdotes,
2022 704 2069 750 <c
2095 697 2227 776 ut,
2280 666 2682 785 templum
2715 664 2945 776 juxta
2971 725 3001 773 ,
3045 696 3296 782 equos
3357 670 3691 753 venatui
3738 671 4171 762 adornatos
4194 688 4229 759 ¹.

1195 756 1347 922 {⁰21
1441 801 1767 890 »sistant
1806 836 1895 886 ».
1956 798 2233 908 Equi,
2292 796 2435 880 ubi
2501 799 2912 914 pharetras
2966 793 3151 880 telis
3210 796 3527 880 onustas
3579 800 3972 915 accepere
4007 860 4035 907 ,
4080 834 4225 918 per

1208 975 1328 1034 42·
1441 927 1688 1015 saltus
1730 931 1960 1040 vagi,
1999 926 2235 1009 noete
2288 925 2619 1009 demum
2648 926 2930 1010 vacuis
2973 925 3363 1038 pharetris
3389 982 3418 1027 ,
3456 922 3723 1009 multo
3754 957 3945 1011 cum
3981 932 4228 1015 anhe-

1436 1054 1599 1144 litu
1648 1055 2014 1140 redeunt.
2072 1053 2382 1137 Rursus
2436 1052 2631 1137 deus
2660 1111 2691 1154 ,
2743 1049 2902 1162 qua
2944 1046 3173 1134 filvas
3212 1054 3739 1164 pererraverit
3759 1112 3790 1159 ,
3828 1058 4224 1143 noeturno
4337 1069 4402 1154 ςε

1435 1185 1622 1272 ,νὶίὶι
1673 1182 2202 1268 demonstrat:
2257 1182 2926 1295 reperiunturque
2968 1177 3155 1291 fusae
3201 1176 3475 1291 passim
3521 1180 3731 1266 ferae.

1435 1379 1456 1384 -.
1564 1309 1823 1396 XIV.
1893 1309 2027 1418 Ca
2047 1312 2381 1392 ‘renim
2431 1308 2828 1390 Gotarzes
2851 1363 2883 1409 ,
2914 1303 3282 1387 nondum
3319 1302 3503 1388 satis
3535 1309 3768 1392 ειυᾶο
3801 1313 4166 1396 exercitu
4190 1369 4223 1419 ,

1433 1429 1775 1523 flumine
1819 1433 2122 1520 Corma
2158 1465 2308 1552 pro
2361 1435 2878 1516 munimento
2920 1434 3096 1528 uti;
3145 1438 3229 1515 ὅ(
3278 1461 3762 1544 quamquam
3791 1466 3935 1553 per
3960 1441 4221 1524 insec-

1430 1568 1788 1672 tationes
1850 1572 1934 1649 ὅ(
1989 1565 2322 1647 nuntios
2386 1561 2489 1645 ad
2546 1556 2932 1675 proelium
2990 1584 3465 1664 vocaretur,
3516 1562 3833 1646 nefilere
3893 1595 4161 1651 moras
4187 1624 4220 1670 ,

1436 1687 1675 1775 locos
1736 1717 2049 1774 mutare
2076 1750 2107 1794 ,
2161 1699 2247 1775 ὅ(
2270 1750 2299 1793 ,
2332 1687 2572 1772 miffis
2615 1684 3224 1802 corruptoribus
3249 1747 3277 1790 ,
3322 1689 3773 1773 exuendam
3823 1690 4215 1776 ad·fidem
4283 1712 4394 1784 ιφ,

1432 1816 1700 1902 hostes
1758 1818 2172 1902 emercari.
2234 1815 2363 1900 Ex
2422 1814 2598 1929 quis
2672 1813 2932 1932 Ilzates
2993 1812 3462 1900 Adiabenus
3488 1875 3518 1918 ,
3577 1845 3775 1901 mox
3845 1817 4216 1932 Abgarus

1429 1940 1839 2048 Arabum,
1895 1975 2084 2030 cum
2138 1948 2509 2030 exercitu
2549 1941 3046 2041 abscedunt;
3100 1940 3437 2026 levitate
3487 1941 3835 2053 gentili,
3897 1953 3981 2029 ἃ
4031 1950 4216 2059 quia

1425 2075 2005 2186 experimentis
2029 2076 2456 2183 cognitum
2473 2073 2581 2157 est
2595 2130 2624 2171 ,
2653 2067 3032 2153 barbaros
3063 2065 3306 2150 malle
3331 2067 3603 2151 Roma
3633 2095 3908 2182 petere
3933 2101 4164 2186 reges
4186 2130 4221 2179 ,

1427 2196 1675 2306 quam
1726 2195 2047 2278 habere.
2104 2199 2219 2276 At
2267 2196 2794 2278 Meherdates
2818 2252 2847 2298 ,
2894 2191 3185 2275 validis
3210 2190 3528 2275 auxiliis
3563 2194 3958 2299 nudatus,
3991 2226 4212 2283 cete.-

1430 2350 1709 2404 rorum
1775 2319 2239 2436 proditione
2302 2321 2658 2437 suspecta
2692 2381 2723 2426 ,
2776 2319 2998 2431 quod
3062 2348 3319 2402 unum
3377 2314 3832 2431 reliquum,
3887 2352 4059 2405 rem
4123 2328 4210 2411 in
4281 2348 4310 2402 1
4331 2341 4390 2426 ς»

1426 2446 1703 2534 casum
1756 2447 1995 2551 dare,
2051 2444 2511 2566 proelioque
2555 2450 2902 2565 experiri
2943 2448 3236 2532 statuit.
3272 2450 3463 2532 Nec
3511 2446 3982 2533 detreEiavit
4009 2482 4212 2567 pug-

1425 2605 1616 2658 nam
1642 2579 2038 2661 Gotarzes
2054 2639 2082 2681 ,
2110 2576 2545 2661 deminutis
2569 2574 2925 2678 hostibus
2951 2575 3207 2674 ferox.
3236 2574 3904 2689 Concursumque
3919 2578 4210 2692 magna

1425 2702 1643 2786 caede
1678 2764 1706 2807 ,
1770 2711 1853 2787 ὅ(
1916 2703 2298 2818 ambiguo
2380 2731 2733 2789 eventu:
2801 2703 3069 2788 donec
3136 2702 3635 2787 Carrhenem
3668 2761 3697 2806 ,
3763 2706 4211 2818 profligatis

1429 2826 1776 2914 obversis
1818 2838 1852 2873 ²
1879 2889 1908 2932 ,
1952 2828 2279 2944 longius
2338 2834 2706 2916 evefium
2754 2832 3073 2941 integer
3108 2859 3156 2912 a
3214 2855 3449 2941 tergo
3494 2827 3788 2942 globus
3855 2834 4205 2916 circum-

1422 2959 1766 3062 veniret.
1808 2956 2028 3040 Tum
2080 2962 2304 3044 omni
2349 2959 2484 3076 spe
2523 2951 2834 3073 perdita
2862 2955 3437 3061 ,Meherdates
3464 2958 3839 3070 promissa
3872 2958 4206 3045 Parrha-
4266 2978 4380 3038 20

1422 3084 1540 3167 cis
1564 3142 1593 3187 ,
1633 3086 1944 3198 paterni
1985 3082 2306 3172 clientis
2331 3148 2360 3193 ,
2395 3087 2717 3172 secutus
2742 3145 2770 3188 ,
2816 3084 3016 3168 dolo
3056 3079 3227 3191 ejus
3275 3082 3631 3168 vincitur
3657 3114 3682 3181 3
3712 3084 4210 3199 traditurque

1420 3211 1733 3297 viEtori.
1809 3213 2081 3322 Atque
2170 3211 2311 3297 ille
2379 3249 2424 3290 c<
2468 3243 2634 3297 non
2685 3212 3233 3324 propinquum
3266 3269 3295 3315 ,
3373 3238 3635 3321 neque
3707 3213 4026 3296 Arsacis
4107 3214 4211 3299 de

1419 3361 1730 3447 »gente
1753 3395 1782 3440 ,
1836 3337 1975 3420 sed
2026 3336 2568 3449 alienigenam
2609 3344 2693 3420 ὃ(
2737 3336 3213 3421 Romanum
3243 3371 3289 3414 ›>
3343 3337 3765 3450 increpans
3794 3394 3822 3439 ,
3884 3336 4208 3424 auribus

1420 3452 1764 3547 decifis³
1827 3465 2104 3551 vivere
2163 3461 2449 3573 jubet,
2524 3464 2874 3550 ostentui
2950 3460 3401 3548 clementiae
3467 3462 3619 3544 suae
3658 3522 3691 3569 ,
3753 3469 3838 3547 ὃ(
3901 3465 3991 3546 in
4054 3495 4208 3552 nos

1416 3731 1802 3798 agnoverat,
1834 3720 1989 3788 deos
2022 3725 2261 3807 ubique
2295 3722 2595 3806 fingebat.
2619 3721 2774 3783 Her·
2851 3718 3155 3796 XXVIII,
3193 3738 3236 3782 ‘2
3256 3765 3277 3794 ,
3306 3713 3368 3779 V
3363 3714 3544 3776 errius
3570 3714 3809 3777 Flaccus
3837 3715 4085 3807 quffores
4101 3736 4207 3798 poa

1418 3796 1781 3862 culanenses
1813 3797 1981 3864 inter
2026 3804 2287 3882 pidturas
2312 3853 2331 3881 ,
2371 3823 2498 3868 una
2539 3800 2730 3864 exstat
2749 3846 2770 3874 ,
2851 3797 2972 3871 nit,
3006 3797 3199 3877 quibus
3216 3792 3408 3857 credat
3426 3839 3446 3869 ‚
3471 3796 3528 3855 in
3550 3796 4046 3875 oppugnationibus
4066 3818 4204 3863 ante

1416 3871 1639 3936 Pitture
1660 3876 1901 3939 Antiche
1916 3878 2255 3945 d'ErcoIano
2273 3933 2291 3961 ‚
2318 3886 2515 3948 Tom.
2536 3886 2585 3944 Ι.
2626 3899 2769 3974 pag.
2850 3875 3035 3937 omnia
3059 3876 3284 3956 fialitum
3309 3895 3344 3934 a
3387 3873 3657 3935 Romanis
3652 3872 4050 4011 [sacerdotibus
4070 3900 4204 3942 evo-

1416 3971 1571 4028 207,
1610 3975 1745 4032 quat
1784 3956 2170 4049 serpentem,
2196 3965 2386 4028 deum
2402 3963 2535 4026 loci
2559 3960 2773 4040 ,exhr-
2850 3955 2972 4016 cari
3019 3953 3215 4033 deum,
3250 3956 3405 4034 cujus
3433 3953 3491 4014 in
3535 3970 3648 4013 tute
3672 3954 3707 4013 ά
3744 3950 3804 4012 td
3829 3955 4079 4030 oppidum
4119 3961 4202 4038 ef-

1415 4030 1531 4095 δεῖ
1549 4050 1694 4096 cum
1721 4033 1835 4099 hac
1878 4038 2102 4120 infigni
2137 4042 2585 4125 inscriptione:
2679 4070 2683 4077 ·
2832 4035 2961 4113 fit:
3015 4034 3361 4114 promittique
3415 4030 3501 4093 illi
3537 4030 3777 4093 eumdem
3823 4050 3924 4095 aut
3962 4037 4198 4113 amplio-

1908 4151 1956 4202 G
1980 4156 2019 4203 E
2050 4157 2100 4205 N
2129 4158 2219 4207 lv
2246 4160 2276 4208 S
2669 4148 2672 4151 -
2849 4132 2960 4173 rem
3004 4112 3152 4272 ssmd
3198 4112 3475 4175 Romanos
3526 4110 3760 4173 cultrum
3803 4108 3882 4171 Et
3922 4112 4090 4178 durat
4133 4117 4199 4179 in

1790 4235 1842 4285 H
1869 4235 1914 4285 v
1943 4238 1964 4285 1
1988 4239 2029 4286 V
2852 4188 3018 4252 Ponti
3062 4210 3183 4253 cum
3211 4189 3496 4274 disciplinci
3523 4190 3583 4251 id
3601 4192 3864 4271 Jircrutn:
3890 4195 4202 4277 constatque

2055 4241 2084 4288 ⁸
2160 4240 2198 4288 L
2227 4241 2275 4290 ⁰
2303 4242 2345 4289 C
2369 4240 2395 4289 ¹
2846 4269 2965 4331 ideo
3002 4271 3335 4334 occultatum
3380 4271 3438 4330 in
3481 4270 3635 4348 cujus
3676 4269 3763 4331 dei
3802 4271 3972 4333 tutela
4019 4275 4196 4336 Roma

1756 4418 1771 4432 ·
1889 4323 1947 4372 M
1974 4323 2294 4430 0·NT18.
2845 4350 2986 4432 effer.
3032 4351 3196 4415 Vide
3240 4354 3311 4416 &
3361 4349 3762 4414 Macrobium
3797 4352 3920 4431 111,
3962 4375 4024 4431 9.
4082 4352 4198 4419 ubi

1419 4414 1728 4506 Cur-vero
1755 4440 1823 4482 in
1849 4421 2178 4511 montibus
2205 4421 2419 4499 potius
2437 4466 2456 4497 ,
2476 4426 2668 4506 quam
2693 4426 2765 4489 in
2844 4428 3110 4511 plurima
3137 4432 3215 4495 de
3247 4430 3367 4494 diis
3390 4431 3779 4495 tutelaribus.

1416 4495 1686 4561 vallibus
1709 4546 1727 4576 ‚
1752 4515 1906 4564 vota
1927 4498 2302 4581 susciperent
2347 4501 2549 4584 ignari
2599 4525 2769 4570 mor·
2920 4518 2938 4548 ¹
2987 4513 3282 4576 Vnum-ur
3313 4514 3755 4588 morituros]
3802 4510 4003 4574 Miror
4047 4529 4195 4588 por·-

1416 4574 1570 4639 tales
1612 4578 1801 4643 docet
1825 4579 2100 4656 ,Tacitus
2151 4582 2376 4645 Annal.
2420 4584 2611 4663 xm,
2664 4606 2769 4667 57,
2842 4589 3154 4653 tentosam
3182 4589 3342 4655 hanc
3376 4588 3653 4654 fabulam
3674 4588 3785 4654 uni
3811 4588 4038 4650 Tacito
4056 4607 4192 4651 me·-

1414 4646 1533 4709 Eos
1563 4658 1801 4719 maxime
1840 4658 1988 4720 locos
2013 4660 2378 4741 propinquare
2428 4664 2560 4727 coelo
2578 4712 2599 4742 ‚
2628 4685 2768 4741 pre-
2841 4685 3154 4732 moratam
3172 4718 3190 4746 ‚
3215 4668 3438 4735 ceteris
3463 4667 3778 4731 indietam.

1411 4747 1595 4866 Zigae
1647 4736 1957 4798 mortalium
2000 4759 2037 4801 a
2081 4738 2200 4801 deis
2239 4743 2498 4821 nifiyuam
2543 4746 2771 4821 propias
2919 4757 2947 4787 ²
2989 4751 3417 4814 Pnomsms
3449 4747 3810 4820 ossvusis]
3839 4743 4191 4824 Profligatis

1535 4807 1618 4869 'ri.
1677 4815 2202 4884 Reconditiorem
2242 4826 2396 4886 vero
2459 4823 2768 4890 horumce
2840 4825 3138 4890 Parthicis
3157 4827 3550 4906 copiis,quae
3567 4821 3677 4900 ipfi
3695 4838 3870 4884 erant
3888 4824 4192 4888 obversae.

1408 4881 1726 4955 sacrorum
1806 4892 1984 4963 usum
2055 4919 2175 4975 nos
2224 4950 2227 4955 .
2268 4902 2461 4971 docet
2525 4904 2766 4976 Plinius
2920 4916 2947 4965 ἃ
2986 4908 3284 4971 Anninus
3337 4918 3580 4967 namsia
3621 4904 3654 4981 ]
3706 4900 3850 4968 Mos
3901 4901 4014 4970 ille
4076 4903 4196 4983 diu
