4975 6149
932 470 1100 556 AD
1135 468 1594 556 LIBRUM
1633 468 1829 555 ΧΠ.
1865 464 2150 557 ΑΝΝ.
2197 473 2299 560 o.
2341 474 3165 570 coRN.TAc1T1.
3305 517 3416 592 37
3444 518 3473 577 ι

773 627 865 702 In
915 649 1224 701 nummo
1281 648 1322 698 e
1368 621 1712 698 thesauro
1792 623 2002 726 regio
2032 681 2053 714 ,
2118 652 2334 728 quem
2401 627 2652 709 laudat
2720 632 3189 726 Harduinu3‚
3248 644 3482 721 Selebi.

682 728 878 822 Oper.
930 751 1094 828 pag.
1135 746 1312 827 573.
1367 722 1779 822 appellatur
1827 746 2220 801 ΑΓΡῙΠΠΑΣ
2271 750 2617 806 ΑΓΡΙΠΠΑ
2666 755 2799 808 KAI
2863 759 3189 813 ΙοΥΛῙΑΣ
3236 764 3422 817 τιοΣ
3452 798 3479 833 ,

673 826 754 900 id
804 825 908 902 est
957 830 1256 927 Agrippa
1300 826 1612 926 Agrippae
1654 823 1731 897 &¹
1775 828 1978 907 Juliae
2007 826 2234 924 filius.
2259 830 2710 905 ‘Praenomen
2755 838 3024 926 Marci,
3078 838 3156 912 in
3196 865 3479 918 memo-

675 926 856 1001 riam
911 926 1079 1002 sane
1123 923 1362 1000 Marci
1414 923 1771 1014 Antonii,
1824 924 1952 1027 qui
1997 950 2301 1029 regnum
2349 929 2557 1006 dedit
2592 930 2899 1022 ¹Herodi
2950 935 3232 1041 Magno
3268 996 3291 1033 ‚
3348 968 3477 1017 ac..

672 1028 882 1127 cepit
914 1084 933 1115 ‚
984 1048 1066 1102 ut
1108 1026 1343 1129 liquet
1383 1051 1474 1103 ex
1519 1050 1819 1100 nummo
1864 1026 1981 1101 Cl.
2019 1025 2336 1104 Pellerin
2361 1085 2384 1121 ,
2418 1034 2830 1127 Supple'ment
2875 1062 3012 1108 aux
3059 1041 3351 1115 Recueils
3397 1046 3476 1119 de

673 1130 1028 1203 Me‘dailles
1059 1129 1135 1201 de
1184 1131 1344 1202 Rois
1371 1182 1392 1216 ‚
1431 1127 1658 1200 Villes.
1699 1149 1867 1228 pag.
1923 1153 1986 1202 1.
2022 1152 2345 1206 MAPxor
2383 1153 2784 1210 Armnnor
2823 1157 3199 1213 BAcmEoc
3227 1195 3250 1228 ‚
3284 1146 3474 1216 Mar-

675 1233 735 1301 ci
783 1224 1091 1327 Agrippae
1156 1233 1342 1328 regis.
1407 1225 1847 1301 Ceterorum
1898 1228 2250 1330 Agrippae
2322 1257 2786 1307 nummorum
2842 1259 3006 1333 pars
3058 1235 3473 1320 inscribitur

671 1349 790 1402 BA.
843 1351 1102 1403 Arpm.
1159 1351 1232 1402 L.
1282 1327 1407 1403 vel
1456 1348 1686 1403 ΕτοΥ.
1746 1350 1849 1400 AI.
1905 1351 2008 1403 ῙΔ.
2061 1353 2173 1416 κς.
2233 1354 2362 1406 Ke.
2414 1330 2493 1406 id
2536 1331 2637 1407 est
2687 1339 2850 1433 regis
2910 1338 3218 1435 Agrippae
3268 1365 3470 1418 anno

675 1427 1000 1500 undecimo
1023 1488 1041 1515 ‚
1072 1428 1309 1501 decimo
1332 1450 1562 1527 quarto
1588 1482 1610 1516 ,
1640 1426 1942 1525 vigesimo
1956 1430 2148 1524 fiexto
2168 1485 2189 1518 ,
2220 1432 2521 1530 vigesimo
2552 1460 2739 1507 nono.
2772 1433 3024 1508 Unum
3054 1438 3273 1512 etiam
3299 1466 3471 1540 pro-

672 1525 846 1599 tulit
887 1526 1000 1601 Cl.
1056 1526 1368 1602 Pellerin
1396 1583 1418 1618 ,
1478 1528 1744 1601 Recueil
1785 1528 1862 1601 de
1907 1531 2254 1602 Medailles
2294 1532 2369 1604 de
2398 1534 2556 1605 Rois
2588 1587 2609 1621 ‚
2653 1558 2820 1636 pag.
2897 1538 3064 1630 176.
3107 1538 3279 1611 anni
3343 1542 3472 1614 tti-

672 1624 919 1726 gefimi
970 1626 1230 1727 quarti.
1285 1651 1405 1702 ET.
1439 1652 1567 1702 ΔΛ.
1605 1630 1770 1702 Pars
1803 1626 2028 1702 altera
2064 1628 2472 1705 inscribitur
2516 1655 2648 1707 Em
2685 1656 2798 1710 ΒΑ.
2845 1655 3096 1711 ΑΓΡΙΠ.
3136 1636 3213 1710 id
3243 1637 3469 1737 estfieb

673 1724 817 1825 rege
861 1726 1177 1827 Agrippa.
1235 1726 1430 1802 Cum
1464 1726 1881 1828 praepofitio
1926 1728 2056 1803 illa
2080 1756 2474 1846 numquam
2512 1731 2591 1806 in
2626 1733 2934 1808 nummis
2968 1761 3219 1847 regum
3264 1794 3285 1827 ,
3342 1739 3473 1815 sed

675 1824 1049 1999 praesidum
1074 1827 1356 1904 tantum
1386 1850 1724 1904 occurrat
1748 1885 1769 1920 ‚
1817 1828 2108 1905 videtur
2133 1830 2457 1933 Agrippa
2507 1833 2850 1935 quasdam
2896 1837 3312 1936 provincias
3347 1865 3470 1914 ur-

733 1924 897 2002 esve
942 1927 1252 2026 praefidis
1295 1928 1608 2030 imperio
1654 1928 1958 2019 rexiss‘e3
1992 1931 2067 2004 id
2119 1958 2212 2007 ue
2245 1930 2337 2006 de
2367 1932 2764 2009 Tiberiade
2819 1941 2890 2010 δε
2933 1937 3311 2012 Taricheis
3355 1939 3468 2014 in-

686 2024 853 2099 nuit
894 2025 1249 2128 Iosephus
1317 2029 1527 2130 supra
1592 2029 1944 2108 laudatuS.
2013 2031 2089 2107 O
2142 2032 2571 2107 servandum
2635 2032 2954 2137 denique
3016 2037 3094 2111 in
3158 2039 3470 2114 nummis

633 2213 637 2216 Α
679 2126 1035 2227 Agrippae
1084 2128 1161 2202 ΙΙ
1209 2128 1520 2205 diversas
1567 2156 1742 2205 aeras
1793 2130 2046 2234 [ignari
2077 2189 2098 2221 ,
2159 2158 2318 2233 quae
2366 2133 2654 2209 initium
2719 2133 2995 2211 ducunt
3072 2162 3116 2210 a
3174 2136 3470 2213 diversis

677 2227 1177 2325 temporibus«,
1231 2229 1488 2331 quibus
1534 2255 1759 2333 regna
1793 2231 2197 2330 auspicatus
2247 2231 2347 2305 est
2373 2288 2392 2321 ,
2444 2254 2527 2307 ut
2575 2233 2951 2308 Chalcidis
2979 2290 3000 2323 ‚
3046 2235 3467 2311 Trachoni-

676 2323 848 2499 fidis
879 2382 900 2415 ,
952 2325 1251 2403 Juliadis
1294 2336 1463 2420 &03
1513 2356 1676 2433 quae
1721 2329 1886 2406 satis
1937 2329 2021 2405 fit
2055 2330 2410 2408 monuisse
2439 2388 2463 2423 ,
2512 2331 2681 2411 cum
2724 2331 2814 2407 iis
2842 2333 3228 2409 ‘immorari
3262 2335 3461 2411 haud

741 2446 925 2501 ceat.

785 2632 905 2685 10.
958 2606 1353 2686 DRUSUS
1398 2666 1420 2703 ,
1484 2610 1558 2687 A
1614 2612 1841 2712 rippae
1883 2612 1966 2687 II
2013 2612 2276 2702 frater,
2343 2632 2512 2688 ante
2568 2610 3041 2712 'pubertatem
3108 2630 3459 2687 mortuus.

671 2707 967 2809 Joseph.
1010 2709 1266 2813 Antiq.
1315 2710 1479 2788 Jud.
1597 2713 1785 2786 VIII
1817 2767 1840 2802 ,
1880 2738 1956 2805 7.
2005 2712 2130 2786 Sic
2168 2711 2291 2788 vel
2335 2713 2655 2789 filiorum
2701 2711 2997 2789 suorum
3039 2712 3465 2788 nominibus

678 2806 1175 2886 Romanorum
1225 2813 1532 2913 gratiam
1574 2813 2070 2912 aucupabatur
2115 2811 2452 2912 Agrippa
2495 2811 2834 2914 Magnus.

790 3038 909 3088 11.
961 3011 1501 3103 BERENJOE,
1554 3010 1765 3088 soror
1819 3009 2174 3124 Agrippa:
2220 3011 2298 3087 11
2333 3069 2353 3104 ,
2408 3030 2638 3124 nupta
2682 3009 2978 3125 Herodi
3028 3010 3181 3111 regi
3231 3011 3463 3126 Chal-

679 3112 860 3188 cidis
891 3172 910 3205 ,
959 3121 1030 3192 δε
1082 3113 1469 3229 Polemoni
1515 3113 1671 3289 ‘iffi
1714 3112 2042 3204 Cilicme,
2076 3112 2330 3217 postea
2375 3112 2536 3186 T1t1
2577 3111 2945 3186 amoribus
2988 3110 3455 3222 percelebrrs.

675 3212 971 3315 Joseph.
1016 3214 1210 3291 1b1d.
1257 3215 1501 3290 Tacit.
1664 3211 1742 3287 st.
1790 3213 1870 3287 ΙΙ
1902 3269 1926 3304 ,
1980 3240 2028 3290 2
2102 3222 2173 3290 ὅ(
2247 3219 2372 3292 81.
2424 3210 2584 3288 Nos
2654 3236 2950 3315 quoque
3013 3235 3094 3284 m
3148 3207 3468 3312 Supple-

686 3336 907 3391 ment.
954 3313 1144 3391 Hist.
1178 3316 1272 3391 V.

786 3521 905 3571 12.
945 3493 1442 3570 DRUSILLA
1475 3549 1497 3587 ,
1563 3496 1774 3571 soror
1809 3494 2164 3597 Agrippae
2205 3492 2324 3583 ΙΙ,
2375 3517 2563 3569 uxor
2605 3489 2918 3589 primum
2962 3486 3171 3561 Azizi
3206 3546 3226 3579 ‚
3276 3494 3467 3594 regis

680 3592 1106 3694 Emesorum
1133 3651 1154 3685 ‚
1204 3594 1471 3671 deinde
1515 3594 1781 3671 Felicis
1811 3653 1830 3686 ,
1871 3594 2185 3696 praefidis
2226 3591 2517 3670 Judaeae.
2564 3589 2866 3690 Joseph.
2918 3587 3109 3662 Ibid.
3160 3589 3258 3663 D.
3313 3589 3465 3665 Lu·-

684 3719 843 3782 cas,
899 3698 1059 3769 Aa.
1120 3694 1410 3785 XXIV,
1481 3720 1606 3792 24.
1671 3695 1840 3769 Alia
1908 3693 2008 3770 est
2053 3692 2367 3768 Drufilla
2411 3748 2431 3782 ,
2512 3689 2930 3790 Cleopatrae
3007 3693 3075 3763 &
3144 3691 3464 3767 Antonii

680 3793 964 3895 neptis,
1006 3820 1222 3897 quam
1262 3795 1518 3887 felix,
1567 3795 1696 3898 qui
1727 3796 1954 3871 tribus
1983 3793 2250 3899 reginis
2286 3792 2523 3894 nupfit
2548 3844 2571 3881 ,
2629 3790 2709 3865 in
2752 3787 3297 3865 matrimonium
3342 3814 3466 3864 ac·-

687 3917 906 3997 ceprt.

739 4099 744 4104 ·
804 4099 923 4174 13.
967 4075 1330 4151 AZIZUS
1362 4131 1387 4167 ,
1436 4099 1564 4151 rex
1600 4073 2072 4153 Emesorum:
2121 4076 2214 4155 de
2256 4100 2407 4180 quo
2450 4072 2662 4177 plura
2701 4070 2781 4145 in
2813 4069 3203 4147 Stemmate
3247 4068 3472 4147 Sohe-

692 4195 975 4248 morum
1004 4228 1027 4264 ,
1080 4200 1277 4250 num.
1329 4199 1398 4279 5.

801 4372 919 4445 14·
965 4351 1256 4428 FELIX
1284 4411 1306 4446 ,
1360 4356 1584 4435 distus
1621 4359 1895 4434 Tacito
1925 4359 2298 4435 Antonius
2343 4354 2554 4431 Felix
2584 4410 2603 4441 ,
2663 4353 2881 4462 frater
2937 4347 3278 4458 Pallantis
3313 4401 3335 4435 ‚
3380 4345 3471 4418 li-

683 4447 929 4526 bertus
973 4453 1309 4544 Claudii,
1356 4461 1614 4559 praeses
1652 4459 1962 4546 Judaeae,
2025 4464 2299 4559 conjux
2352 4453 2684 4530 Drusillae
2715 4504 2737 4535 ,
2794 4469 3010 4523 tuum
3057 4471 3132 4519 re
3188 4470 3468 4519 marum

683 4551 1001 4627 maritus.
1046 4556 1349 4657 Joseph.
1396 4559 1644 4659 Antiq.
1685 4561 1850 4635 Jud.
1916 4558 2051 4629 XX
2085 4614 2104 4646 ,
2165 4581 2231 4658 5.
2305 4553 2608 4629 Sueton.
2662 4550 2744 4620 in
2808 4544 3066 4658 claud.
3260 4544 3471 4657 VIII.

680 4647 924 4726 Tacit.
985 4655 1257 4733 Annal.
1306 4656 1495 4747 XII,
1609 4684 1682 4754 4.
1729 4664 1799 4732 δε
1846 4654 2035 4731 Hist.
2087 4657 2155 4731 V
2182 4709 2220 4746 5
2250 4677 2331 4751 9.
2376 4655 2650 4726 Coram
2681 4643 2928 4720 Felice
2964 4644 3250 4728 causam
3287 4643 3474 4720 dunt

687 4744 790 4822 D.
831 4754 1131 4846 PauluS,
1176 4760 1337 4832 Αξὶ.
1370 4679 1714 4858 ΑΡοᾶοΙ.
1760 4753 2022 4828 XXIV.

799 4963 921 5046 15.
964 4939 1395 5029 AGRIPPA
1421 5010 1449 5050 ,
1496 4953 1687 5031 filius
1739 4948 2007 5029 Felicis
2054 4955 2124 5026 &
2169 4944 2504 5048 Drufillae
2531 5002 2557 5039 ,
2606 4945 2828 5049 periit
2873 4968 3039 5019 cum
3092 4962 3324 5020 matre
3367 4941 3482 5022 in·

2820 5090 2893 5176 A
2924 5120 2969 5174 a
2992 5119 3037 5173 a
3063 5084 3120 5195 ij
