4975 6149
896 415 1268 507 LIBRI
1321 414 1810 502 DECIMI
1871 395 2255 503 s'Ex'rr
2318 413 3070 511 ANNALIUM.
3205 454 3399 537 -295

740 585 1088 674 XLVI.
1155 582 1295 665 Ils
1350 583 1622 665 ansius
1674 578 2194 684 muneribus,
2266 612 2425 667 nec
2486 590 2754 698 patria:
2827 588 3406 703 superstitionis
3451 627 3690 673 Ξ-

620 714 1019 803 sollicitus
1043 771 1074 819 ,
1097 709 1577 795 Tiriditates
1605 708 2030 792 Brundisio
2067 719 2090 755 ¹
2135 706 2382 793 solvit
2409 770 2437 813 ,
2471 712 3018 822 Dyrrhacium
3055 725 3083 760 ²
3114 721 3403 832 petitu·
3450 709 3596 760 Αϋ
3620 708 3691 763 C·

618 874 777 929 rus.
837 841 1046 926 Inde
1081 838 1281 921 Afiae
1352 834 1595 919 urbes
1633 836 1953 940 invisit,
2001 837 2332 951 Imperii
2369 868 2566 952 opes
2637 840 3036 952 vanasque
3104 846 3407 932 Princi-
3489 814 3644 975 3¹33:

616 974 741 1088 pis
779 998 1008 1055 curas
1045 966 1314 1083 passim
1369 966 1729 1049 miratuS.
1770 964 2171 1049 Nondum
2215 966 2688 1050 Armeniam
2747 995 2915 1052 erat
2955 972 3336 1083 ingress‘us
3374 1035 3404 1081 ,
3518 957 3628 1080 26.

478 1118 565 1201 .5
624 1101 814 1185 cum
850 1092 1222 1180 Corbulo
1254 1154 1281 1200 ,
1321 1089 1650 1179 obviam
1725 1090 2174 1208 progressus
2220 1149 2250 1195 ,
2322 1093 2552 1178 datos
2604 1094 2932 1204 quidem
2984 1101 3328 1187 artifices
3374 1114 3411 1185 ’Δ

621 1254 897 1338 regem
928 1223 1152 1335 sequi
1192 1220 1594 1338 permifit3
1639 1219 1779 1302 sed
1808 1220 2065 1323 coatssti
2096 1216 2440 1334 pecunia
2477 1216 2652 1328 jum
2689 1223 3043 1306 Romam
3084 1231 3415 1317 reverti.

621 1351 885 1466 Quod
926 1352 1318 1435 Romanae
1369 1348 1783 1461 dignitatis
1818 1345 2134 1430 tuendae
2172 1348 2517 1431 studium
2556 1347 2784 1433 ducis
2818 1349 3112 1435 famam
3152 1356 3409 1440 inten-

629 1481 804 1581 dit,
855 1479 1251 1592 Principis
1305 1474 1655 1559 minuit.'
1695 1473 2294 1558 Beneficiorum
2351 1500 2628 1560 tamen
2694 1477 2911 1562 haud
2978 1480 3410 1565 immemor

625 1605 1027 1690 Tiridates
1058 1605 1447 1687 Artaxata
1468 1660 1499 1706 ,
1542 1597 1830 1715 quibus
1864 1629 2166 1684 nomen
2192 1600 2392 1685 fecit
2419 1602 2826 1685 Neronem
2851 1615 2891 1663 4
2911 1664 2939 1707 ,
2981 1608 3346 1693 restituit.

477 1756 576 1811 10
748 1730 1149 1816 XLVII.
1213 1731 1658 1813 IN-rmzm
1705 1727 1919 1843 apud
1956 1725 2274 1818 Judaeos
2299 1788 2326 1833 ,
2366 1755 2696 1841 gentem
2735 1728 2871 1813 fibi
2914 1731 3413 1839 discordem,

626 1855 893 1943 dirum
934 1858 1330 1942 exarserat
1366 1854 1725 1960 bellum,
1769 1853 2017 1939 Gessii
2076 1856 2144 1940 F
2146 1851 2302 1937 lori
2359 1866 2386 1921 5
2430 1861 2974 1970 procuratoris
3016 1858 3344 1946 avaritia
3382 1920 3415 1968 ,

628 1985 882 2068 Cestii
924 1979 1150 2068 Galli
1179 2043 1207 2089 ‚
1241 1986 1481 2096 Syriae
1524 1979 1774 2095 legati
1809 2043 1837 2088 ,
1881 1982 2256 2068 tarditate
2292 2013 2481 2066 cum
2518 1981 2809 2095 magna
2847 1986 3416 2072 Romanorum
3477 2067 3494 2073 -

631 2109 868 2197 clade
896 2168 924 2214 ‚
974 2109 1215 2227 capta
1262 2108 1423 2195 una
1465 2106 1731 2223 aquila
1759 2169 1787 2214 ,
1837 2137 2204 2225 coeptum
2236 2169 2266 2213 ‚
2315 2106 2693 2194 felicibus
2737 2111 3198 2225 Vespasiani
3239 2115 3416 2199 aus-

629 2239 864 2353 piciis
915 2264 1367 2354 reparatum
1405 2298 1436 2343 ‚
1497 2270 1595 2324 ac
1661 2238 1992 2323 tandem
2058 2235 2328 2321 invisae
2385 2239 2648 2349 gentis
2704 2237 3026 2321 excidio
3095 2237 3414 2325 absolu·-

476 2389 570 2469 15
628 2389 860 2469 tum,
911 2368 1031 2447 uti
1052 2363 1287 2451 fufius
1336 2364 1528 2453 alias
1567 2366 1835 2449 sumus
1889 2365 2171 2449 dicturi
2213 2360 2277 2448 ⁶.
2322 2365 2439 2447 At
2486 2364 2572 2449 id
2610 2391 2814 2450 curae
2861 2390 3035 2447 tum
3085 2367 3414 2481 sperne-

628 2489 767 2578 bat
845 2494 1127 2598 Nero,
1178 2494 1405 2578 famae
1486 2494 1811 2607 quidem
1872 2520 2318 2608 appetens,
2374 2489 2510 2574 sed
2561 2519 2731 2601 quae
2781 2520 2925 2606 per
2976 2492 3420 2579 immodica

625 2646 1060 2734 pararetur.
1105 2618 1512 2734 Neglecto
1558 2624 1829 2732 itaque
1882 2620 2246 2734 praesenti
2297 2618 2760 2702 discrimine
2787 2675 2815 2721 ,
2858 2618 3221 2730 ingentia
3258 2624 3421 2732 agi·

623 2741 849 2829 tabat
896 2744 1228 2832 consilia
1257 2807 1286 2851 ,
1336 2745 1623 2860 quibus
1679 2748 2114 2863 AEthiopes
2173 2742 2697 2857 Albanosque
2740 2753 2771 2801 ⁷
2827 2742 3185 2858 Imperio
3236 2747 3419 2833 Ro-

632 2900 880 2956 mano
928 2874 1280 2959 adderet.
1578 2868 1583 2871 .

458 3023 576 3081 20
756 2998 1212 3087 XLVIII.
1278 3000 1363 3085 D
1384 3024 1440 3082 U
1460 3025 1523 3081 M
1564 3000 1993 3085 mittuntur
2020 2996 2572 3116 exploratores
2595 3055 2626 3102 ,
2657 3023 3081 3109 ceteraque
3112 3029 3419 3113 magno

628 3153 1014 3240 apparatu
1085 3128 1621 3242 disponuntur
1647 3185 1677 3231 ,
1724 3127 1939 3212 forte
2010 3129 2308 3213 venere
2382 3155 2429 3211 e
2499 3128 2801 3211 Graecis
2876 3125 3334 3211 civitatibus
3376 3185 3410 3231 ‚

632 3253 981 3340 musicos
1025 3284 1328 3369 agones
1369 3255 1607 3341 edere
1664 3251 1926 3339 solitis
1951 3312 1982 3358 ,
2032 3252 2285 3368 legati
2314 3312 2343 3357 ‚
2393 3256 2531 3364 qui
2586 3282 2866 3340 omnes
2908 3251 3412 3339 citharoedo·-

627 3409 809 3462 rum
849 3413 1191 3468 coronas
1243 3383 1343 3469 ad
1387 3382 1648 3498 ipsum
1693 3381 2145 3498 perferrent
2199 3375 2259 3467 ⁸.
2309 3381 2624 3465 Mirum
2650 3409 2739 3466 ut
2771 3377 3076 3497 placuit
3099 3410 3416 3466 novum

626 3504 1173 3594 assentationis
1212 3530 1490 3622 genus.
1535 3510 1832 3624 Legati
1869 3512 2131 3595 statim
2169 3508 2473 3597 admiffi
2496 3567 2527 3613 ,
2576 3505 3098 3594 familiaribus
3134 3506 3416 3593 inserti

465 3651 568 3735 25
624 3628 936 3748 epulis:
977 3631 1457 3720 adulationis
1501 3640 1790 3751 periti,
1838 3639 2306 3751 Principem
2345 3662 2435 3720 ut
2504 3669 2551 3713 «
2592 3635 2827 3753 super
2874 3665 3160 3721 cenam
3212 3666 3420 3720 can-

625 3785 811 3844 »tet
849 3794 896 3838 »
936 3786 1254 3874 rogant.
1302 3761 1472 3846 Vix
1508 3761 1827 3847 audiere
1864 3821 1892 3866 ,
1941 3756 2039 3845 in'
2068 3758 2348 3847 laudes
2388 3763 2614 3847 effufi
2636 3823 2665 3866 ,
2736 3764 3043 3850 inlitam
3099 3764 3426 3847 vanita*

625 3909 797 3988 tem
840 3889 954 3973 ita
1007 3889 1391 3974 inflavere
1421 3949 1450 3994 ‚
1502 3915 1596 3972 ut
1638 3920 1684 3963 c<
1724 3885 1941 3972 solos
1989 3885 2196 3973 scire
2236 3887 2512 3973 audire
2568 3891 2899 3977 Graecos
2923 3951 2953 3995 ,
3006 3887 3219 3977 solos
3268 3890 3350 3975 se
3380 3947 3422 3994 5

626 4009 909 4099 »solos
948 4016 1216 4102 studiis
1250 4017 1407 4103 suis
1469 4015 1763 4131 dignos
1804 4048 1852 4095 »
1904 4009 2251 4124 jaffitet:
2309 4049 2354 4093 τι
2409 4015 2493 4100 se
2529 4017 2632 4101 eo
2670 4018 3215 4133 profeEturum
3237 4075 3266 4122 ,
3321 4041 3422 4101 ut

714 4268 733 4299 ¹
759 4259 1164 4348 Bnqumsxo]
1188 4261 1378 4324 Nunc
1392 4258 1671 4343 Brindisi,
1694 4261 1764 4326 in
1783 4283 1981 4347 regno
2060 4260 2131 4326 in
2160 4261 2613 4344 supplemento
2653 4262 2803 4326 Hist-
2832 4267 2924 4337 V,
2950 4281 3035 4341 27
3052 4262 3124 4325 81
3149 4259 3326 4341 seqq.

629 4336 772 4403 Nea
817 4336 1089 4399 ohtano·
2140 4352 2169 4394 7
2202 4345 2630 4417 Arnuosqun
2671 4345 2700 4419 ]
2771 4341 2977 4403 Tacit.
3049 4338 3198 4401 Hist.
3250 4341 3314 4410 1,
3355 4343 3428 4401 60'

711 4423 736 4452 ²
846 4419 1288 4494 vasnacum]
1334 4416 1525 4480 Nunc
1560 4415 1870 4502 Dur-azzo,
1915 4420 1983 4484 in
2060 4418 2192 4483 Dio
2219 4466 2240 4495 ,
2284 4421 2430 4485 libr.
2455 4421 2688 4483 Lxul.
2720 4438 2857 4499 pag.
2952 4437 3044 4491 19.
3087 4415 3249 4476 Plin.
3285 4417 3419 4490 Vl,

629 4493 926 4559 Albania.
2066 4519 2136 4575 13
2162 4543 2183 4572 ‚
2213 4498 2288 4561 &
2327 4520 2430 4574 29.
2474 4502 2735 4559 Sueton.
2783 4495 2853 4558 in
2969 4514 3052 4555 er.
3091 4495 3266 4556 xlx.
3294 4491 3427 4554 Pa-

715 4585 736 4628 3
764 4574 988 4638 Dal-ros
1014 4594 1267 4647 Qumnu
1289 4590 1612 4636 annuens
1634 4574 1664 4648 ]
1690 4571 1849 4650 Dio,
1868 4576 1981 4642 lib.
2060 4573 2235 4635 rabat
2276 4573 2338 4633 Cr
2374 4573 2447 4634 ad
2489 4572 2727 4653 Cestius
2751 4590 2943 4648 portas
2981 4569 3418 4650 expeditionem,

633 4651 866 4716 LXIII.
897 4673 1036 4734 pag.
1062 4657 1211 4733 718.
2062 4651 2379 4731 conssriptd
2417 4672 2492 4711 ex
2519 4650 2742 4713 Italicis
2751 4650 2945 4730 J'enstm
2974 4647 3170 4724 pedum
3217 4651 3428 4711 tironi-

709 4740 743 4780 4
785 4733 1134 4795 Nanoumn
1166 4728 1349 4809 ]Dio
1370 4775 1389 4803 ,
1429 4726 1589 4792 ibid.
2062 4731 2174 4791 bus
2200 4730 2348 4787 nova
2382 4727 2596 4806 legione
2739 4746 2830 4789 am
2864 4726 3073 4810 Magni
3112 4727 3440 4792 Alexandri·

718 4819 738 4865 5
787 4812 999 4874 Gessn
1045 4811 1301 4885 From]
1326 4806 1532 4870 Tacit.
1567 4805 1719 4870 Hist.
1747 4811 1845 4886 V,
1883 4829 1980 4874 10.
2053 4805 2410 4887 phalangem
2446 4749 2790 4878 appeliagzr.
3083 4885 3098 4898 Ο

635 4881 897 4953 Sueton.
931 4888 998 4951 in
1032 4887 1379 4970 Vespafian.
1420 4889 1525 4949 lv.
2156 4882 2187 4925 ⁸
2232 4884 2869 4968 PssnrnnnnuT]Dio,
2893 4885 3022 4953 loc.
3044 4889 3445 4954 exuSueton»

710 4969 743 5033 .⁶
781 4970 990 5036 Sumus
1031 4970 1362 5048 merum]
1405 4963 1571 5032 Infra
1601 4985 1735 5049 cap·
1775 4985 1871 5050 57.
1904 4967 1979 5039 ὃς
2057 4966 2143 5034 in
2184 4963 2344 5029 Ner.
2375 4957 2580 5027 xxn.
