<?xml version="1.0" encoding="UTF-8"?>
<!DOCTYPE html PUBLIC "-//W3C//DTD XHTML 1.0 Transitional//EN"
    "http://www.w3.org/TR/xhtml1/DTD/xhtml1-transitional.dtd">
<html xmlns="http://www.w3.org/1999/xhtml" xml:lang="en" lang="en">
 <head>
  <title>
</title>
<meta http-equiv="Content-Type" content="text/html;charset=utf-8" />
  <meta name='ocr-system' content='tesseract 3.04.00' />
  <meta name='ocr-capabilities' content='ocr_page ocr_carea ocr_par ocr_line ocrx_word'/>
</head>
<body>
  <div class='ocr_page' id='page_1' title='image "./ccorneliitaciti04brotgoog_0263.png"; bbox 0 0 4975 6149; ppageno 0'>
   <div class='ocr_carea' id='block_1_1' title="bbox 813 377 3347 499">
    <p class='ocr_par' dir='ltr' id='par_1_1' title="bbox 813 377 3347 499">
     <span class='ocr_line' id='line_1_1' title="bbox 813 377 3347 499; baseline -0 -28"><span class='ocrx_word' id='word_1_1' title='bbox 813 380 1463 474; x_wconf 86' lang='lat' dir='ltr'><strong>ANNALIUM</strong></span> <span class='ocrx_word' id='word_1_2' title='bbox 1525 382 1875 469; x_wconf 80' lang='lat' dir='ltr'>LIBER</span> <span class='ocrx_word' id='word_1_3' title='bbox 1937 377 2454 470; x_wconf 76' lang='lat' dir='ltr'>DECIMUS</span> <span class='ocrx_word' id='word_1_4' title='bbox 2525 385 3067 499; x_wconf 75' lang='lat' dir='ltr'><strong>QUINTUS.</strong></span> <span class='ocrx_word' id='word_1_5' title='bbox 3114 424 3121 430; x_wconf 91' lang='lat'>-</span> <span class='ocrx_word' id='word_1_6' title='bbox 3174 413 3281 493; x_wconf 87' lang='lat'>25</span> <span class='ocrx_word' id='word_1_7' title='bbox 3302 418 3347 494; x_wconf 73' lang='lat'><em>3</em></span> 
     </span>
    </p>
   </div>
   <div class='ocr_carea' id='block_1_2' title="bbox 429 547 3634 2826">
    <p class='ocr_par' dir='ltr' id='par_1_2' title="bbox 566 547 3634 808">
     <span class='ocr_line' id='line_1_2' title="bbox 566 547 3633 665; baseline -0.005 -32"><span class='ocrx_word' id='word_1_8' title='bbox 566 552 1025 665; x_wconf 72' lang='lat' dir='ltr'>»Principis</span> <span class='ocrx_word' id='word_1_9' title='bbox 1051 609 1080 654; x_wconf 89' lang='lat'><em>,</em></span> <span class='ocrx_word' id='word_1_10' title='bbox 1120 577 1425 633; x_wconf 91' lang='lat' dir='ltr'>novam</span> <span class='ocrx_word' id='word_1_11' title='bbox 1455 547 1568 632; x_wconf 67' lang='lat' dir='ltr'>ad&#39;</span> <span class='ocrx_word' id='word_1_12' title='bbox 1591 547 1969 631; x_wconf 82' lang='lat' dir='ltr'>saevitiam</span> <span class='ocrx_word' id='word_1_13' title='bbox 2013 548 2456 633; x_wconf 82' lang='lat' dir='ltr'>retraheret</span> <span class='ocrx_word' id='word_1_14' title='bbox 2483 582 2529 626; x_wconf 77' lang='lat'>2&gt;</span> <span class='ocrx_word' id='word_1_15' title='bbox 2551 612 2571 633; x_wconf 95' lang='lat'>.</span> <span class='ocrx_word' id='word_1_16' title='bbox 3395 575 3633 621; x_wconf 68' lang='grc' dir='ltr'>Ξ</span> 
     </span>
     <span class='ocr_line' id='line_1_3' title="bbox 692 651 3634 808; baseline -0.002 -42"><span class='ocrx_word' id='word_1_17' title='bbox 692 678 1152 766; x_wconf 86' lang='lat' dir='ltr'><strong>LXXIV.</strong></span> <span class='ocrx_word' id='word_1_18' title='bbox 1215 676 1368 759; x_wconf 85' lang='lat' dir='ltr'>TU</span> <span class='ocrx_word' id='word_1_19' title='bbox 1389 702 1453 757; x_wconf 82' lang='lat' dir='ltr'><strong>M</strong></span> <span class='ocrx_word' id='word_1_20' title='bbox 1484 674 1808 759; x_wconf 91' lang='lat' dir='ltr'>decreta</span> <span class='ocrx_word' id='word_1_21' title='bbox 1852 708 1897 749; x_wconf 90' lang='lat'>«</span> <span class='ocrx_word' id='word_1_22' title='bbox 1927 673 2144 758; x_wconf 88' lang='lat' dir='ltr'>dona</span> <span class='ocrx_word' id='word_1_23' title='bbox 2170 734 2199 777; x_wconf 83' lang='lat'><em>,</em></span> <span class='ocrx_word' id='word_1_24' title='bbox 2234 680 2316 757; x_wconf 76' lang='grc' dir='ltr'>ὅ(</span> <span class='ocrx_word' id='word_1_25' title='bbox 2344 702 2607 785; x_wconf 86' lang='lat' dir='ltr'>grates</span> <span class='ocrx_word' id='word_1_26' title='bbox 2635 674 2803 759; x_wconf 90' lang='lat' dir='ltr'>deis</span> <span class='ocrx_word' id='word_1_27' title='bbox 2830 708 2874 753; x_wconf 70' lang='lat'>2&gt;</span> <span class='ocrx_word' id='word_1_28' title='bbox 2904 703 2929 774; x_wconf 83' lang='lat'>3</span> <span class='ocrx_word' id='word_1_29' title='bbox 2968 677 3363 791; x_wconf 73' lang='lat' dir='ltr'>proprius·</span> <span class='ocrx_word' id='word_1_30' title='bbox 3400 651 3634 808; x_wconf 40' lang='lat'>‘⁴3:³5&#39;</span> 
     </span>
    </p>

    <p class='ocr_par' dir='ltr' id='par_1_3' title="bbox 569 787 3592 920">
     <span class='ocr_line' id='line_1_4' title="bbox 569 787 3592 920; baseline -0 -30"><span class='ocrx_word' id='word_1_31' title='bbox 569 838 726 920; x_wconf 92' lang='lat' dir='ltr'>que</span> <span class='ocrx_word' id='word_1_32' title='bbox 772 811 1042 891; x_wconf 89' lang='lat' dir='ltr'>honos</span> <span class='ocrx_word' id='word_1_33' title='bbox 1094 801 1324 907; x_wconf 89' lang='lat' dir='ltr'>Soli,</span> <span class='ocrx_word' id='word_1_34' title='bbox 1392 804 1529 888; x_wconf 89' lang='lat' dir='ltr'>cui</span> <span class='ocrx_word' id='word_1_35' title='bbox 1572 804 1682 886; x_wconf 88' lang='lat' dir='ltr'>est</span> <span class='ocrx_word' id='word_1_36' title='bbox 1751 828 1982 886; x_wconf 91' lang='lat' dir='ltr'>vetus</span> <span class='ocrx_word' id='word_1_37' title='bbox 2033 802 2235 886; x_wconf 80' lang='lat' dir='ltr'>aedes</span> <span class='ocrx_word' id='word_1_38' title='bbox 2296 802 2513 916; x_wconf 91' lang='lat' dir='ltr'>apud</span> <span class='ocrx_word' id='word_1_39' title='bbox 2563 802 2899 885; x_wconf 90' lang='lat' dir='ltr'>Circum</span> <span class='ocrx_word' id='word_1_40' title='bbox 2932 815 2951 848; x_wconf 89' lang='lat'>¹</span> <span class='ocrx_word' id='word_1_41' title='bbox 2983 863 3012 907; x_wconf 89' lang='lat'><em>,</em></span> <span class='ocrx_word' id='word_1_42' title='bbox 3066 806 3149 885; x_wconf 88' lang='lat' dir='ltr'>in</span> <span class='ocrx_word' id='word_1_43' title='bbox 3193 835 3357 916; x_wconf 91' lang='lat' dir='ltr'>quo</span> <span class='ocrx_word' id='word_1_44' title='bbox 3446 787 3592 917; x_wconf 48' lang='lat' dir='ltr'>Le:</span> 
     </span>
    </p>

    <p class='ocr_par' dir='ltr' id='par_1_4' title="bbox 570 924 3575 1049">
     <span class='ocr_line' id='line_1_5' title="bbox 570 924 3575 1049; baseline -0.001 -29"><span class='ocrx_word' id='word_1_45' title='bbox 570 938 892 1022; x_wconf 84' lang='lat' dir='ltr'>facinus</span> <span class='ocrx_word' id='word_1_46' title='bbox 949 930 1429 1049; x_wconf 89' lang='lat' dir='ltr'>parabatur,</span> <span class='ocrx_word' id='word_1_47' title='bbox 1482 931 1621 1040; x_wconf 91' lang='lat' dir='ltr'>qui</span> <span class='ocrx_word' id='word_1_48' title='bbox 1685 927 2017 1013; x_wconf 91' lang='lat' dir='ltr'>occulta</span> <span class='ocrx_word' id='word_1_49' title='bbox 2071 924 2713 1036; x_wconf 83' lang='lat' dir='ltr'>conjurationis,</span> <span class='ocrx_word' id='word_1_50' title='bbox 2770 933 3104 1014; x_wconf 89' lang='lat' dir='ltr'>numine</span> <span class='ocrx_word' id='word_1_51' title='bbox 3145 959 3359 1016; x_wconf 85' lang='lat' dir='ltr'>rete·</span> <span class='ocrx_word' id='word_1_52' title='bbox 3465 961 3575 1035; x_wconf 86' lang='lat'>65·</span> 
     </span>
    </p>

    <p class='ocr_par' dir='ltr' id='par_1_5' title="bbox 466 1046 3367 1684">
     <span class='ocr_line' id='line_1_6' title="bbox 466 1046 3365 1172; baseline -0.001 -25"><span class='ocrx_word' id='word_1_53' title='bbox 466 1089 513 1171; x_wconf 84' lang='lat'><em>5</em></span> <span class='ocrx_word' id='word_1_54' title='bbox 574 1064 846 1147; x_wconf 85' lang='lat' dir='ltr'>xisset:</span> <span class='ocrx_word' id='word_1_55' title='bbox 885 1089 1136 1172; x_wconf 90' lang='lat' dir='ltr'>utque</span> <span class='ocrx_word' id='word_1_56' title='bbox 1189 1057 1693 1143; x_wconf 79' lang='lat' dir='ltr'>Circensium</span> <span class='ocrx_word' id='word_1_57' title='bbox 1730 1054 2194 1140; x_wconf 86' lang='lat' dir='ltr'>Cerealium</span> <span class='ocrx_word' id='word_1_58' title='bbox 2224 1064 2256 1099; x_wconf 86' lang='lat'>²</span> <span class='ocrx_word' id='word_1_59' title='bbox 2286 1052 2694 1141; x_wconf 91' lang='lat' dir='ltr'>ludicrum</span> <span class='ocrx_word' id='word_1_60' title='bbox 2721 1052 3081 1172; x_wconf 90' lang='lat' dir='ltr'>pluribus</span> <span class='ocrx_word' id='word_1_61' title='bbox 3119 1046 3365 1171; x_wconf 53' lang='lat' dir='ltr'>equoss</span> 
     </span>
     <span class='ocr_line' id='line_1_7' title="bbox 574 1182 3362 1300; baseline -0.002 -26"><span class='ocrx_word' id='word_1_62' title='bbox 574 1221 757 1274; x_wconf 91' lang='lat' dir='ltr'>rum</span> <span class='ocrx_word' id='word_1_63' title='bbox 805 1186 1154 1275; x_wconf 88' lang='lat' dir='ltr'>cursibus</span> <span class='ocrx_word' id='word_1_64' title='bbox 1209 1182 1812 1271; x_wconf 87' lang='lat' dir='ltr'>celebraretur:</span> <span class='ocrx_word' id='word_1_65' title='bbox 1883 1185 2170 1268; x_wconf 79' lang='lat' dir='ltr'>mensis</span> <span class='ocrx_word' id='word_1_66' title='bbox 2237 1214 2561 1296; x_wconf 89' lang='lat' dir='ltr'>quoque</span> <span class='ocrx_word' id='word_1_67' title='bbox 2626 1182 2930 1300; x_wconf 89' lang='lat' dir='ltr'>Aprilis</span> <span class='ocrx_word' id='word_1_68' title='bbox 3008 1184 3362 1269; x_wconf 82' lang='lat' dir='ltr'>Neronis</span> 
     </span>
     <span class='ocr_line' id='line_1_8' title="bbox 578 1309 3356 1431; baseline -0.001 -27"><span class='ocrx_word' id='word_1_69' title='bbox 578 1342 1222 1431; x_wconf 88' lang='lat' dir='ltr'>cognomentum</span> <span class='ocrx_word' id='word_1_70' title='bbox 1297 1314 1801 1426; x_wconf 71' lang='lat' dir='ltr'>acciperet3:</span> <span class='ocrx_word' id='word_1_71' title='bbox 1861 1310 2263 1425; x_wconf 89' lang='lat' dir='ltr'>templum</span> <span class='ocrx_word' id='word_1_72' title='bbox 2312 1309 2573 1396; x_wconf 88' lang='lat' dir='ltr'>Saluti</span> <span class='ocrx_word' id='word_1_73' title='bbox 2625 1314 3201 1419; x_wconf 86' lang='lat' dir='ltr'>exstrueretur,</span> <span class='ocrx_word' id='word_1_74' title='bbox 3254 1318 3356 1400; x_wconf 79' lang='lat' dir='ltr'>eo</span> 
     </span>
     <span class='ocr_line' id='line_1_9' title="bbox 581 1438 3362 1555; baseline -0.002 -28"><span class='ocrx_word' id='word_1_75' title='bbox 581 1443 754 1529; x_wconf 91' lang='lat' dir='ltr'>loci</span> <span class='ocrx_word' id='word_1_76' title='bbox 782 1455 861 1548; x_wconf 84' lang='lat'>⁴,</span> <span class='ocrx_word' id='word_1_77' title='bbox 901 1473 1003 1527; x_wconf 88' lang='lat' dir='ltr'>ex</span> <span class='ocrx_word' id='word_1_78' title='bbox 1052 1473 1215 1553; x_wconf 91' lang='lat' dir='ltr'>quo</span> <span class='ocrx_word' id='word_1_79' title='bbox 1242 1441 1643 1526; x_wconf 90' lang='lat' dir='ltr'>Scevinus</span> <span class='ocrx_word' id='word_1_80' title='bbox 1683 1438 1983 1521; x_wconf 91' lang='lat' dir='ltr'>ferrum</span> <span class='ocrx_word' id='word_1_81' title='bbox 2023 1439 2547 1553; x_wconf 90' lang='lat' dir='ltr'>prompserat.</span> <span class='ocrx_word' id='word_1_82' title='bbox 2606 1440 2787 1554; x_wconf 90' lang='lat' dir='ltr'>Ipse</span> <span class='ocrx_word' id='word_1_83' title='bbox 2835 1469 3021 1522; x_wconf 91' lang='lat' dir='ltr'>eum</span> <span class='ocrx_word' id='word_1_84' title='bbox 3063 1445 3362 1555; x_wconf 85' lang='lat' dir='ltr'>pugio-</span> 
     </span>
     <span class='ocr_line' id='line_1_10' title="bbox 581 1564 3367 1684; baseline 0.001 -31"><span class='ocrx_word' id='word_1_85' title='bbox 581 1600 769 1655; x_wconf 91' lang='lat' dir='ltr'>nem</span> <span class='ocrx_word' id='word_1_86' title='bbox 821 1570 1033 1684; x_wconf 91' lang='lat' dir='ltr'>apud</span> <span class='ocrx_word' id='word_1_87' title='bbox 1074 1565 1578 1683; x_wconf 89' lang='lat' dir='ltr'>Capitolium</span> <span class='ocrx_word' id='word_1_88' title='bbox 1619 1564 2009 1668; x_wconf 86' lang='lat' dir='ltr'>sacravit,</span> <span class='ocrx_word' id='word_1_89' title='bbox 2058 1564 2609 1679; x_wconf 81' lang='lat' dir='ltr'>inscripsitque</span> <span class='ocrx_word' id='word_1_90' title='bbox 2662 1593 2880 1650; x_wconf 83' lang='lat' dir='ltr'>10V1</span> <span class='ocrx_word' id='word_1_91' title='bbox 2934 1594 3367 1655; x_wconf 77' lang='lat' dir='ltr'>VINDICI.</span> 
     </span>
    </p>

    <p class='ocr_par' dir='ltr' id='par_1_6' title="bbox 430 1691 3423 2192">
     <span class='ocr_line' id='line_1_11' title="bbox 430 1691 3423 1813; baseline -0.001 -31"><span class='ocrx_word' id='word_1_92' title='bbox 430 1726 527 1792; x_wconf 72' lang='grc' dir='ltr'>ιιο</span> <span class='ocrx_word' id='word_1_93' title='bbox 579 1699 679 1780; x_wconf 91' lang='lat' dir='ltr'>In</span> <span class='ocrx_word' id='word_1_94' title='bbox 727 1698 1062 1813; x_wconf 66' lang='lat' dir='ltr'>praesens</span> <span class='ocrx_word' id='word_1_95' title='bbox 1108 1695 1325 1779; x_wconf 90' lang='lat' dir='ltr'>haud</span> <span class='ocrx_word' id='word_1_96' title='bbox 1382 1691 2083 1786; x_wconf 80' lang='lat' dir='ltr'>animadversum3</span> <span class='ocrx_word' id='word_1_97' title='bbox 2135 1694 2309 1807; x_wconf 90' lang='lat' dir='ltr'>post</span> <span class='ocrx_word' id='word_1_98' title='bbox 2377 1723 2595 1777; x_wconf 88' lang='lat' dir='ltr'>arma</span> <span class='ocrx_word' id='word_1_99' title='bbox 2650 1691 2851 1786; x_wconf 88' lang='lat' dir='ltr'>Julii</span> <span class='ocrx_word' id='word_1_100' title='bbox 2923 1696 3295 1780; x_wconf 90' lang='lat' dir='ltr'>Vindicis</span> <span class='ocrx_word' id='word_1_101' title='bbox 3332 1704 3361 1762; x_wconf 82' lang='lat'>5</span> <span class='ocrx_word' id='word_1_102' title='bbox 3420 1732 3423 1735; x_wconf 46' lang='lat'><em>⁷</em></span> 
     </span>
     <span class='ocr_line' id='line_1_12' title="bbox 581 1817 3367 1938; baseline 0 -28"><span class='ocrx_word' id='word_1_103' title='bbox 581 1826 682 1910; x_wconf 91' lang='lat' dir='ltr'>ad</span> <span class='ocrx_word' id='word_1_104' title='bbox 733 1825 1182 1938; x_wconf 90' lang='lat' dir='ltr'>auspicium</span> <span class='ocrx_word' id='word_1_105' title='bbox 1246 1830 1329 1905; x_wconf 78' lang='grc' dir='ltr'>ὃ(</span> <span class='ocrx_word' id='word_1_106' title='bbox 1385 1821 1854 1937; x_wconf 86' lang='lat' dir='ltr'>praesagium</span> <span class='ocrx_word' id='word_1_107' title='bbox 1918 1819 2201 1902; x_wconf 86' lang='lat' dir='ltr'>futurae</span> <span class='ocrx_word' id='word_1_108' title='bbox 2250 1817 2589 1905; x_wconf 87' lang='lat' dir='ltr'>ultionis</span> <span class='ocrx_word' id='word_1_109' title='bbox 2652 1819 3140 1909; x_wconf 89' lang='lat' dir='ltr'>trahebatur.</span> <span class='ocrx_word' id='word_1_110' title='bbox 3190 1824 3367 1911; x_wconf 86' lang='lat' dir='ltr'>Re-</span> 
     </span>
     <span class='ocr_line' id='line_1_13' title="bbox 584 1945 3369 2067; baseline -0 -32"><span class='ocrx_word' id='word_1_111' title='bbox 584 1953 816 2067; x_wconf 89' lang='lat' dir='ltr'>perio</span> <span class='ocrx_word' id='word_1_112' title='bbox 849 1953 935 2034; x_wconf 93' lang='lat' dir='ltr'>in</span> <span class='ocrx_word' id='word_1_113' title='bbox 979 1950 1585 2035; x_wconf 87' lang='lat' dir='ltr'>commentariis</span> <span class='ocrx_word' id='word_1_114' title='bbox 1624 1947 1940 2032; x_wconf 76' lang='lat' dir='ltr'>senatfis</span> <span class='ocrx_word' id='word_1_115' title='bbox 1970 2006 1996 2050; x_wconf 87' lang='lat'>,</span> <span class='ocrx_word' id='word_1_116' title='bbox 2039 1945 2447 2032; x_wconf 91' lang='lat' dir='ltr'>Cerialem</span> <span class='ocrx_word' id='word_1_117' title='bbox 2473 1950 2862 2033; x_wconf 90' lang='lat' dir='ltr'>Anicium</span> <span class='ocrx_word' id='word_1_118' title='bbox 2888 2009 2916 2053; x_wconf 85' lang='lat'><strong><em>,</em></strong></span> <span class='ocrx_word' id='word_1_119' title='bbox 2945 1950 3369 2034; x_wconf 90' lang='lat' dir='ltr'>consulem</span> 
     </span>
     <span class='ocr_line' id='line_1_14' title="bbox 586 2071 3371 2192; baseline 0 -30"><span class='ocrx_word' id='word_1_120' title='bbox 586 2078 1084 2191; x_wconf 84' lang='lat' dir='ltr'>designatum</span> <span class='ocrx_word' id='word_1_121' title='bbox 1108 2139 1137 2183; x_wconf 84' lang='lat'><em>,</em></span> <span class='ocrx_word' id='word_1_122' title='bbox 1178 2109 1326 2192; x_wconf 89' lang='lat' dir='ltr'>pro</span> <span class='ocrx_word' id='word_1_123' title='bbox 1361 2071 1757 2161; x_wconf 62' lang='lat' dir='ltr'>sententia</span> <span class='ocrx_word' id='word_1_124' title='bbox 1817 2074 2094 2159; x_wconf 81' lang='lat' dir='ltr'>dixisse</span> <span class='ocrx_word' id='word_1_125' title='bbox 2122 2134 2150 2179; x_wconf 83' lang='grc'>,</span> <span class='ocrx_word' id='word_1_126' title='bbox 2209 2109 2257 2152; x_wconf 71' lang='grc' dir='ltr'>(ε</span> <span class='ocrx_word' id='word_1_127' title='bbox 2294 2103 2389 2160; x_wconf 91' lang='lat' dir='ltr'>ut</span> <span class='ocrx_word' id='word_1_128' title='bbox 2429 2071 2832 2190; x_wconf 83' lang='lat' dir='ltr'>templum</span> <span class='ocrx_word' id='word_1_129' title='bbox 2874 2077 3067 2160; x_wconf 90' lang='lat' dir='ltr'>divo</span> <span class='ocrx_word' id='word_1_130' title='bbox 3108 2081 3197 2162; x_wconf 96' lang='lat' dir='ltr'>N</span> <span class='ocrx_word' id='word_1_131' title='bbox 3201 2108 3371 2163; x_wconf 90' lang='lat' dir='ltr'>ero-</span> 
     </span>
    </p>

    <p class='ocr_par' dir='ltr' id='par_1_7' title="bbox 581 2199 3373 2318">
     <span class='ocr_line' id='line_1_15' title="bbox 581 2199 3373 2318; baseline 0.001 -36"><span class='ocrx_word' id='word_1_132' title='bbox 581 2208 731 2286; x_wconf 71' lang='grc' dir='ltr'>»οἱ</span> <span class='ocrx_word' id='word_1_133' title='bbox 779 2203 1018 2316; x_wconf 72' lang='lat' dir='ltr'>quam</span> <span class='ocrx_word' id='word_1_134' title='bbox 1061 2204 1525 2290; x_wconf 73' lang='lat' dir='ltr'>maturrime</span> <span class='ocrx_word' id='word_1_135' title='bbox 1566 2199 1895 2317; x_wconf 65' lang='lat' dir='ltr'>publica</span> <span class='ocrx_word' id='word_1_136' title='bbox 1929 2201 2276 2318; x_wconf 62' lang='lat' dir='ltr'>pecunia</span> <span class='ocrx_word' id='word_1_137' title='bbox 2314 2227 2751 2318; x_wconf 90' lang='lat' dir='ltr'>poneretur</span> <span class='ocrx_word' id='word_1_138' title='bbox 2776 2236 2820 2278; x_wconf 74' lang='lat'>2&gt;</span> <span class='ocrx_word' id='word_1_139' title='bbox 2844 2264 2862 2284; x_wconf 94' lang='lat'>.</span> <span class='ocrx_word' id='word_1_140' title='bbox 2901 2203 3157 2316; x_wconf 83' lang='lat' dir='ltr'>Quod</span> <span class='ocrx_word' id='word_1_141' title='bbox 3195 2206 3373 2314; x_wconf 92' lang='lat' dir='ltr'>qui-</span> 
     </span>
    </p>

    <p class='ocr_par' dir='ltr' id='par_1_8' title="bbox 429 2328 3391 2826">
     <span class='ocr_line' id='line_1_16' title="bbox 429 2328 3371 2443; baseline 0.001 -32"><span class='ocrx_word' id='word_1_142' title='bbox 429 2354 522 2436; x_wconf 85' lang='lat'>15</span> <span class='ocrx_word' id='word_1_143' title='bbox 587 2331 770 2416; x_wconf 93' lang='lat' dir='ltr'>dem</span> <span class='ocrx_word' id='word_1_144' title='bbox 815 2330 956 2417; x_wconf 91' lang='lat' dir='ltr'>ille</span> <span class='ocrx_word' id='word_1_145' title='bbox 1007 2330 1495 2417; x_wconf 91' lang='lat' dir='ltr'>decernebat</span> <span class='ocrx_word' id='word_1_146' title='bbox 1552 2357 1968 2440; x_wconf 88' lang='lat' dir='ltr'>tamquam</span> <span class='ocrx_word' id='word_1_147' title='bbox 2020 2328 2360 2414; x_wconf 89' lang='lat' dir='ltr'>mortale</span> <span class='ocrx_word' id='word_1_148' title='bbox 2423 2329 2823 2442; x_wconf 86' lang='lat' dir='ltr'>fastigium</span> <span class='ocrx_word' id='word_1_149' title='bbox 2880 2329 3235 2443; x_wconf 77' lang='lat' dir='ltr'>egresso,</span> <span class='ocrx_word' id='word_1_150' title='bbox 3283 2337 3371 2414; x_wconf 75' lang='grc' dir='ltr'>δε</span> 
     </span>
     <span class='ocr_line' id='line_1_17' title="bbox 583 2443 3385 2569; baseline -0.002 -23"><span class='ocrx_word' id='word_1_151' title='bbox 583 2463 1196 2546; x_wconf 89' lang='lat' dir='ltr'>venerationem</span> <span class='ocrx_word' id='word_1_152' title='bbox 1229 2460 1471 2545; x_wconf 71' lang='lat' dir='ltr'>deum</span> <span class='ocrx_word' id='word_1_153' title='bbox 1510 2460 1847 2543; x_wconf 87' lang='lat' dir='ltr'>merito:</span> <span class='ocrx_word' id='word_1_154' title='bbox 1912 2443 2132 2569; x_wconf 90' lang='lat' dir='ltr'>quod</span> <span class='ocrx_word' id='word_1_155' title='bbox 2186 2458 2286 2541; x_wconf 91' lang='lat' dir='ltr'>ad</span> <span class='ocrx_word' id='word_1_156' title='bbox 2336 2459 2610 2541; x_wconf 89' lang='lat' dir='ltr'>omina</span> <span class='ocrx_word' id='word_1_157' title='bbox 2647 2453 2907 2540; x_wconf 73' lang='lat' dir='ltr'>solum</span> <span class='ocrx_word' id='word_1_158' title='bbox 2953 2457 3071 2540; x_wconf 91' lang='lat' dir='ltr'>sui</span> <span class='ocrx_word' id='word_1_159' title='bbox 3110 2459 3385 2543; x_wconf 68' lang='lat' dir='ltr'>exitus·</span> 
     </span>
     <span class='ocr_line' id='line_1_18' title="bbox 584 2582 3391 2699; baseline -0.002 -26"><span class='ocrx_word' id='word_1_160' title='bbox 584 2614 1055 2673; x_wconf 89' lang='lat' dir='ltr'>verteretur.</span> <span class='ocrx_word' id='word_1_161' title='bbox 1109 2591 1329 2673; x_wconf 90' lang='lat' dir='ltr'>Nam</span> <span class='ocrx_word' id='word_1_162' title='bbox 1384 2586 1624 2671; x_wconf 76' lang='lat' dir='ltr'>defim</span> <span class='ocrx_word' id='word_1_163' title='bbox 1689 2587 1960 2671; x_wconf 90' lang='lat' dir='ltr'>honor</span> <span class='ocrx_word' id='word_1_164' title='bbox 2025 2585 2385 2699; x_wconf 92' lang='lat' dir='ltr'>Principi</span> <span class='ocrx_word' id='word_1_165' title='bbox 2444 2612 2614 2666; x_wconf 91' lang='lat' dir='ltr'>non</span> <span class='ocrx_word' id='word_1_166' title='bbox 2682 2584 2870 2669; x_wconf 75' lang='lat' dir='ltr'>ante</span> <span class='ocrx_word' id='word_1_167' title='bbox 2916 2582 3391 2691; x_wconf 78' lang='lat' dir='ltr'>habetur⁶‚</span> 
     </span>
     <span class='ocr_line' id='line_1_19' title="bbox 584 2711 2449 2826; baseline -0.001 -30"><span class='ocrx_word' id='word_1_168' title='bbox 584 2711 825 2825; x_wconf 72' lang='lat' dir='ltr'>quam</span> <span class='ocrx_word' id='word_1_169' title='bbox 870 2743 1108 2826; x_wconf 86' lang='lat' dir='ltr'>agere</span> <span class='ocrx_word' id='word_1_170' title='bbox 1159 2717 1368 2797; x_wconf 86' lang='lat' dir='ltr'>inter</span> <span class='ocrx_word' id='word_1_171' title='bbox 1408 2716 1783 2797; x_wconf 92' lang='lat' dir='ltr'>homines</span> <span class='ocrx_word' id='word_1_172' title='bbox 1836 2712 2176 2797; x_wconf 86' lang='lat' dir='ltr'>desierit.</span> <span class='ocrx_word' id='word_1_173' title='bbox 2441 2727 2449 2735; x_wconf 79' lang='lat'><em>&#39;</em></span> 
     </span>
    </p>
   </div>
   <div class='ocr_carea' id='block_1_3' title="bbox 667 2953 3382 3038">
    <p class='ocr_par' dir='ltr' id='par_1_9' title="bbox 667 2953 3382 3038">
     <span class='ocr_line' id='line_1_20' title="bbox 667 2953 3382 3038; baseline 0.002 -21"><span class='ocrx_word' id='word_1_174' title='bbox 667 2968 687 2995; x_wconf 86' lang='lat'>¹</span> <span class='ocrx_word' id='word_1_175' title='bbox 727 2958 908 3019; x_wconf 61' lang='lat' dir='ltr'>Apum</span> <span class='ocrx_word' id='word_1_176' title='bbox 950 2955 1277 3036; x_wconf 68' lang='lat' dir='ltr'>Crncuu]</span> <span class='ocrx_word' id='word_1_177' title='bbox 1309 2954 1496 3038; x_wconf 86' lang='lat' dir='ltr'>Apud</span> <span class='ocrx_word' id='word_1_178' title='bbox 1521 2955 1785 3021; x_wconf 87' lang='lat' dir='ltr'>Circum</span> <span class='ocrx_word' id='word_1_179' title='bbox 1810 2966 1947 3021; x_wconf 77' lang='lat' dir='ltr'>ma&#39;·</span> <span class='ocrx_word' id='word_1_180' title='bbox 2023 2955 2235 3037; x_wconf 87' lang='lat' dir='ltr'>inquit</span> <span class='ocrx_word' id='word_1_181' title='bbox 2277 2955 2499 3021; x_wconf 84' lang='lat' dir='ltr'>Illustr.</span> <span class='ocrx_word' id='word_1_182' title='bbox 2531 2953 2820 3019; x_wconf 82' lang='lat' dir='ltr'>Huetius.</span> <span class='ocrx_word' id='word_1_183' title='bbox 2854 2955 2939 3018; x_wconf 77' lang='lat' dir='ltr'>At</span> <span class='ocrx_word' id='word_1_184' title='bbox 2977 2953 3078 3019; x_wconf 82' lang='lat' dir='ltr'>vir</span> <span class='ocrx_word' id='word_1_185' title='bbox 3116 2956 3382 3022; x_wconf 63' lang='lat' dir='ltr'>donim-</span> 
     </span>
    </p>
   </div>
   <div class='ocr_carea' id='block_1_4' title="bbox 584 3030 3387 3274">
    <p class='ocr_par' dir='ltr' id='par_1_10' title="bbox 584 3030 3387 3274">
     <span class='ocr_line' id='line_1_21' title="bbox 585 3030 3382 3118; baseline 0.002 -21"><span class='ocrx_word' id='word_1_186' title='bbox 585 3030 854 3098; x_wconf 81' lang='lat' dir='ltr'>ximum.</span> <span class='ocrx_word' id='word_1_187' title='bbox 2022 3057 2158 3100; x_wconf 90' lang='lat' dir='ltr'>mus</span> <span class='ocrx_word' id='word_1_188' title='bbox 2194 3057 2327 3100; x_wconf 90' lang='lat' dir='ltr'>non</span> <span class='ocrx_word' id='word_1_189' title='bbox 2396 3035 2669 3100; x_wconf 85' lang='lat' dir='ltr'>attendit</span> <span class='ocrx_word' id='word_1_190' title='bbox 2726 3035 3063 3116; x_wconf 85' lang='lat' dir='ltr'>Augustum</span> <span class='ocrx_word' id='word_1_191' title='bbox 3116 3036 3382 3118; x_wconf 87' lang='lat' dir='ltr'>quidem</span> 
     </span>
     <span class='ocr_line' id='line_1_22' title="bbox 671 3114 3387 3197; baseline 0.001 -19"><span class='ocrx_word' id='word_1_192' title='bbox 671 3120 695 3148; x_wconf 89' lang='lat'>²</span> <span class='ocrx_word' id='word_1_193' title='bbox 743 3117 1154 3179; x_wconf 72' lang='lat' dir='ltr'>Cmcausnm</span> <span class='ocrx_word' id='word_1_194' title='bbox 1185 3116 1579 3180; x_wconf 65' lang='lat' dir='ltr'>Caunum</span> <span class='ocrx_word' id='word_1_195' title='bbox 1609 3114 1831 3196; x_wconf 72' lang='lat' dir='ltr'>jvide</span> <span class='ocrx_word' id='word_1_196' title='bbox 1854 3116 1948 3179; x_wconf 85' lang='lat' dir='ltr'>su·</span> <span class='ocrx_word' id='word_1_197' title='bbox 2022 3115 2228 3197; x_wconf 89' lang='lat' dir='ltr'>poetis</span> <span class='ocrx_word' id='word_1_198' title='bbox 2263 3117 2496 3179; x_wconf 66' lang='lat' dir='ltr'>dietum</span> <span class='ocrx_word' id='word_1_199' title='bbox 2529 3115 2645 3182; x_wconf 86' lang='lat' dir='ltr'>effe</span> <span class='ocrx_word' id='word_1_200' title='bbox 2683 3114 2869 3178; x_wconf 89' lang='lat' dir='ltr'>deum</span> <span class='ocrx_word' id='word_1_201' title='bbox 2891 3162 2910 3189; x_wconf 92' lang='lat'>,</span> <span class='ocrx_word' id='word_1_202' title='bbox 2937 3114 3090 3179; x_wconf 87' lang='lat' dir='ltr'>&amp;in</span> <span class='ocrx_word' id='word_1_203' title='bbox 3120 3117 3387 3196; x_wconf 87' lang='lat' dir='ltr'>provin-</span> 
     </span>
     <span class='ocr_line' id='line_1_23' title="bbox 584 3192 3380 3274; baseline 0.003 -19"><span class='ocrx_word' id='word_1_204' title='bbox 584 3194 697 3274; x_wconf 73' lang='lat' dir='ltr'>pra</span> <span class='ocrx_word' id='word_1_205' title='bbox 743 3213 878 3274; x_wconf 86' lang='lat' dir='ltr'>cap.</span> <span class='ocrx_word' id='word_1_206' title='bbox 924 3214 1022 3273; x_wconf 88' lang='lat'>53.</span> <span class='ocrx_word' id='word_1_207' title='bbox 2025 3194 2137 3259; x_wconf 88' lang='lat' dir='ltr'>ciis</span> <span class='ocrx_word' id='word_1_208' title='bbox 2179 3215 2311 3258; x_wconf 87' lang='lat' dir='ltr'>aras</span> <span class='ocrx_word' id='word_1_209' title='bbox 2338 3197 2409 3259; x_wconf 87' lang='lat'>&amp;</span> <span class='ocrx_word' id='word_1_210' title='bbox 2447 3194 2612 3259; x_wconf 85' lang='lat' dir='ltr'>sacra</span> <span class='ocrx_word' id='word_1_211' title='bbox 2670 3192 2982 3259; x_wconf 81' lang='lat' dir='ltr'>habuisse:</span> <span class='ocrx_word' id='word_1_212' title='bbox 3037 3199 3259 3257; x_wconf 72' lang='lat' dir='ltr'>veritm</span> <span class='ocrx_word' id='word_1_213' title='bbox 3305 3196 3380 3263; x_wconf 88' lang='lat' dir='ltr'>in</span> 
     </span>
    </p>
   </div>
   <div class='ocr_carea' id='block_1_5' title="bbox 584 3273 3385 3435">
    <p class='ocr_par' dir='ltr' id='par_1_11' title="bbox 584 3273 3385 3435">
     <span class='ocr_line' id='line_1_24' title="bbox 669 3273 3383 3352; baseline 0.003 -17"><span class='ocrx_word' id='word_1_214' title='bbox 669 3284 692 3327; x_wconf 80' lang='lat'><em>³</em></span> <span class='ocrx_word' id='word_1_215' title='bbox 721 3273 1020 3335; x_wconf 73' lang='lat' dir='ltr'>Nnnoms</span> <span class='ocrx_word' id='word_1_216' title='bbox 1042 3292 1532 3337; x_wconf 68' lang='lat' dir='ltr'>cocnounnrma</span> <span class='ocrx_word' id='word_1_217' title='bbox 1558 3277 1943 3352; x_wconf 69' lang='lat' dir='ltr'>Accu’nnnr]</span> <span class='ocrx_word' id='word_1_218' title='bbox 2023 3277 2190 3337; x_wconf 89' lang='lat' dir='ltr'>Urbe</span> <span class='ocrx_word' id='word_1_219' title='bbox 2225 3273 2506 3338; x_wconf 86' lang='lat' dir='ltr'>honores</span> <span class='ocrx_word' id='word_1_220' title='bbox 2553 3275 2742 3338; x_wconf 68' lang='lat' dir='ltr'>deum</span> <span class='ocrx_word' id='word_1_221' title='bbox 2790 3274 3079 3337; x_wconf 88' lang='lat' dir='ltr'>nondum</span> <span class='ocrx_word' id='word_1_222' title='bbox 3123 3273 3383 3341; x_wconf 81' lang='lat' dir='ltr'>habitos</span> 
     </span>
     <span class='ocr_line' id='line_1_25' title="bbox 584 3350 3385 3435; baseline 0.002 -21"><span class='ocrx_word' id='word_1_223' title='bbox 584 3350 925 3433; x_wconf 66' lang='lat' dir='ltr'>Distusque</span> <span class='ocrx_word' id='word_1_224' title='bbox 968 3351 1050 3415; x_wconf 87' lang='lat' dir='ltr'>est</span> <span class='ocrx_word' id='word_1_225' title='bbox 1084 3350 1398 3412; x_wconf 81' lang='lat' dir='ltr'>Neroneus.</span> <span class='ocrx_word' id='word_1_226' title='bbox 1426 3350 1592 3418; x_wconf 88' lang='lat' dir='ltr'>Vide</span> <span class='ocrx_word' id='word_1_227' title='bbox 1615 3350 1782 3416; x_wconf 71' lang='lat' dir='ltr'>infra</span> <span class='ocrx_word' id='word_1_228' title='bbox 1805 3358 1946 3417; x_wconf 85' lang='lat' dir='ltr'>An-</span> <span class='ocrx_word' id='word_1_229' title='bbox 2025 3351 2200 3416; x_wconf 74' lang='lat' dir='ltr'>fuisse</span> <span class='ocrx_word' id='word_1_230' title='bbox 2237 3352 2546 3435; x_wconf 85' lang='lat' dir='ltr'>Principi,</span> <span class='ocrx_word' id='word_1_231' title='bbox 2594 3370 2931 3435; x_wconf 82' lang='lat' dir='ltr'>antequam</span> <span class='ocrx_word' id='word_1_232' title='bbox 2982 3371 3163 3432; x_wconf 86' lang='lat' dir='ltr'>agere</span> <span class='ocrx_word' id='word_1_233' title='bbox 3212 3354 3385 3419; x_wconf 87' lang='lat' dir='ltr'>inter</span> 
     </span>
    </p>
   </div>
   <div class='ocr_carea' id='block_1_6' title="bbox 584 3430 3391 3671">
    <p class='ocr_par' dir='ltr' id='par_1_12' title="bbox 584 3430 3391 3671">
     <span class='ocr_line' id='line_1_26' title="bbox 585 3430 3381 3501; baseline 0.001 -6"><span class='ocrx_word' id='word_1_234' title='bbox 585 3430 713 3495; x_wconf 86' lang='lat' dir='ltr'>nal.</span> <span class='ocrx_word' id='word_1_235' title='bbox 747 3433 923 3501; x_wconf 83' lang='lat' dir='ltr'>XVI,</span> <span class='ocrx_word' id='word_1_236' title='bbox 962 3453 1061 3493; x_wconf 85' lang='lat'>12.</span> <span class='ocrx_word' id='word_1_237' title='bbox 1467 3463 1470 3466; x_wconf 43' lang='lat'>1</span> <span class='ocrx_word' id='word_1_238' title='bbox 2024 3432 2322 3498; x_wconf 81' lang='lat' dir='ltr'>homines</span> <span class='ocrx_word' id='word_1_239' title='bbox 2372 3433 2659 3497; x_wconf 84' lang='lat' dir='ltr'>desiisset.</span> <span class='ocrx_word' id='word_1_240' title='bbox 2701 3435 3028 3498; x_wconf 86' lang='lat' dir='ltr'>Neronem</span> <span class='ocrx_word' id='word_1_241' title='bbox 3056 3447 3264 3496; x_wconf 86' lang='lat' dir='ltr'>autem</span> <span class='ocrx_word' id='word_1_242' title='bbox 3308 3435 3381 3499; x_wconf 87' lang='lat' dir='ltr'>in</span> 
     </span>
     <span class='ocr_line' id='line_1_27' title="bbox 666 3509 3383 3594; baseline 0.003 -24"><span class='ocrx_word' id='word_1_243' title='bbox 666 3519 699 3559; x_wconf 83' lang='grc'><strong>4</strong></span> <span class='ocrx_word' id='word_1_244' title='bbox 737 3511 831 3572; x_wconf 91' lang='lat' dir='ltr'>Eo</span> <span class='ocrx_word' id='word_1_245' title='bbox 860 3514 1064 3588; x_wconf 60' lang='lat' dir='ltr'>moer]</span> <span class='ocrx_word' id='word_1_246' title='bbox 1098 3509 1196 3574; x_wconf 87' lang='lat' dir='ltr'>De</span> <span class='ocrx_word' id='word_1_247' title='bbox 1230 3509 1356 3576; x_wconf 90' lang='lat' dir='ltr'>hoc</span> <span class='ocrx_word' id='word_1_248' title='bbox 1401 3509 1552 3575; x_wconf 81' lang='lat' dir='ltr'>loco</span> <span class='ocrx_word' id='word_1_249' title='bbox 1592 3509 1828 3578; x_wconf 60' lang='lat' dir='ltr'>dietum</span> <span class='ocrx_word' id='word_1_250' title='bbox 1855 3511 1949 3576; x_wconf 83' lang='lat' dir='ltr'>su·</span> <span class='ocrx_word' id='word_1_251' title='bbox 2025 3512 2378 3593; x_wconf 85' lang='lat' dir='ltr'>provinciis</span> <span class='ocrx_word' id='word_1_252' title='bbox 2411 3513 2790 3594; x_wconf 83' lang='lat' dir='ltr'>appellatum</span> <span class='ocrx_word' id='word_1_253' title='bbox 2831 3509 3008 3574; x_wconf 76' lang='lat' dir='ltr'>suiss&#39;e</span> <span class='ocrx_word' id='word_1_254' title='bbox 3039 3511 3227 3575; x_wconf 89' lang='lat' dir='ltr'>deum</span> <span class='ocrx_word' id='word_1_255' title='bbox 3269 3514 3383 3577; x_wconf 85' lang='lat' dir='ltr'>tes-</span> 
     </span>
     <span class='ocr_line' id='line_1_28' title="bbox 584 3588 3391 3671; baseline 0.002 -20"><span class='ocrx_word' id='word_1_256' title='bbox 584 3588 700 3671; x_wconf 70' lang='lat' dir='ltr'>pra</span> <span class='ocrx_word' id='word_1_257' title='bbox 747 3606 883 3668; x_wconf 89' lang='lat' dir='ltr'>cap.</span> <span class='ocrx_word' id='word_1_258' title='bbox 911 3609 1009 3668; x_wconf 87' lang='lat'>53.</span> <span class='ocrx_word' id='word_1_259' title='bbox 2026 3608 2191 3655; x_wconf 85' lang='lat' dir='ltr'>tatur</span> <span class='ocrx_word' id='word_1_260' title='bbox 2225 3613 2520 3655; x_wconf 87' lang='lat' dir='ltr'>nummus</span> <span class='ocrx_word' id='word_1_261' title='bbox 2559 3614 2636 3655; x_wconf 81' lang='lat' dir='ltr'>ex</span> <span class='ocrx_word' id='word_1_262' title='bbox 2669 3611 2786 3654; x_wconf 81' lang='lat' dir='ltr'>aere</span> <span class='ocrx_word' id='word_1_263' title='bbox 2815 3590 3088 3654; x_wconf 88' lang='lat' dir='ltr'>minimo</span> <span class='ocrx_word' id='word_1_264' title='bbox 3125 3591 3204 3654; x_wconf 88' lang='lat' dir='ltr'>ab</span> <span class='ocrx_word' id='word_1_265' title='bbox 3229 3593 3391 3656; x_wconf 88' lang='lat' dir='ltr'>Har-</span> 
     </span>
    </p>
   </div>
   <div class='ocr_carea' id='block_1_7' title="bbox 588 3665 3391 4152">
    <p class='ocr_par' dir='ltr' id='par_1_13' title="bbox 588 3665 3391 3987">
     <span class='ocr_line' id='line_1_29' title="bbox 670 3665 3383 3751; baseline 0.003 -26"><span class='ocrx_word' id='word_1_266' title='bbox 670 3678 690 3725; x_wconf 82' lang='lat'>5</span> <span class='ocrx_word' id='word_1_267' title='bbox 737 3670 935 3730; x_wconf 74' lang='lat' dir='ltr'>ARMA</span> <span class='ocrx_word' id='word_1_268' title='bbox 959 3689 1129 3734; x_wconf 66' lang='lat' dir='ltr'>juzu</span> <span class='ocrx_word' id='word_1_269' title='bbox 1168 3665 1520 3746; x_wconf 79' lang='lat' dir='ltr'>mecrs]</span> <span class='ocrx_word' id='word_1_270' title='bbox 1556 3672 1686 3747; x_wconf 91' lang='lat' dir='ltr'>Qui</span> <span class='ocrx_word' id='word_1_271' title='bbox 1734 3669 1952 3734; x_wconf 85' lang='lat' dir='ltr'>rebel·</span> <span class='ocrx_word' id='word_1_272' title='bbox 2028 3671 2229 3733; x_wconf 90' lang='lat' dir='ltr'>duino</span> <span class='ocrx_word' id='word_1_273' title='bbox 2262 3671 2582 3745; x_wconf 85' lang='lat' dir='ltr'>laudatus,</span> <span class='ocrx_word' id='word_1_274' title='bbox 2619 3669 2835 3731; x_wconf 65' lang='lat' dir='ltr'>Selefla</span> <span class='ocrx_word' id='word_1_275' title='bbox 2861 3689 3022 3747; x_wconf 80' lang='lat' dir='ltr'>opera</span> <span class='ocrx_word' id='word_1_276' title='bbox 3071 3689 3206 3751; x_wconf 89' lang='lat' dir='ltr'>pag.</span> <span class='ocrx_word' id='word_1_277' title='bbox 3234 3691 3383 3751; x_wconf 85' lang='lat'>724.</span> 
     </span>
     <span class='ocr_line' id='line_1_30' title="bbox 588 3745 3390 3830; baseline 0 -22"><span class='ocrx_word' id='word_1_278' title='bbox 588 3745 768 3812; x_wconf 83' lang='lat' dir='ltr'>lione</span> <span class='ocrx_word' id='word_1_279' title='bbox 789 3746 896 3810; x_wconf 69' lang='lat' dir='ltr'>sua</span> <span class='ocrx_word' id='word_1_280' title='bbox 925 3746 1250 3809; x_wconf 88' lang='lat' dir='ltr'>Neronem</span> <span class='ocrx_word' id='word_1_281' title='bbox 1285 3747 1364 3807; x_wconf 88' lang='lat' dir='ltr'>ad</span> <span class='ocrx_word' id='word_1_282' title='bbox 1395 3763 1670 3809; x_wconf 87' lang='lat' dir='ltr'>mortem</span> <span class='ocrx_word' id='word_1_283' title='bbox 1688 3768 1952 3827; x_wconf 86' lang='lat' dir='ltr'>compu-</span> <span class='ocrx_word' id='word_1_284' title='bbox 2027 3762 2267 3807; x_wconf 73' lang='lat' dir='ltr'><strong>NEPQN</strong></span> <span class='ocrx_word' id='word_1_285' title='bbox 2295 3763 2672 3811; x_wconf 74' lang='grc' dir='ltr'><strong>ΣΕΒΑΣΤΟΣ</strong></span> <span class='ocrx_word' id='word_1_286' title='bbox 2719 3764 2910 3810; x_wconf 78' lang='grc' dir='ltr'><strong>ΘΕΟΣ</strong></span> <span class='ocrx_word' id='word_1_287' title='bbox 2932 3797 2952 3826; x_wconf 88' lang='grc'><strong><em>,</em></strong></span> <span class='ocrx_word' id='word_1_288' title='bbox 3043 3769 3132 3807; x_wconf 85' lang='lat' dir='ltr'>ero</span> <span class='ocrx_word' id='word_1_289' title='bbox 3160 3751 3390 3830; x_wconf 72' lang='lat' dir='ltr'>August-</span> 
     </span>
     <span class='ocr_line' id='line_1_31' title="bbox 589 3824 3391 3907; baseline 0.002 -20"><span class='ocrx_word' id='word_1_290' title='bbox 589 3825 686 3890; x_wconf 84' lang='lat' dir='ltr'>lit.</span> <span class='ocrx_word' id='word_1_291' title='bbox 741 3825 913 3889; x_wconf 90' lang='lat' dir='ltr'>Vide</span> <span class='ocrx_word' id='word_1_292' title='bbox 939 3826 1459 3907; x_wconf 74' lang='lat' dir='ltr'>supplementum</span> <span class='ocrx_word' id='word_1_293' title='bbox 1492 3826 1721 3889; x_wconf 78' lang='lat' dir='ltr'>Annal.</span> <span class='ocrx_word' id='word_1_294' title='bbox 1760 3827 1949 3901; x_wconf 72' lang='lat' dir='ltr'>XVI,</span> <span class='ocrx_word' id='word_1_295' title='bbox 2028 3845 2119 3886; x_wconf 84' lang='lat' dir='ltr'>rus</span> <span class='ocrx_word' id='word_1_296' title='bbox 2163 3824 2341 3902; x_wconf 79' lang='lat' dir='ltr'>deus,</span> <span class='ocrx_word' id='word_1_297' title='bbox 2401 3828 2607 3907; x_wconf 88' lang='lat' dir='ltr'>capite</span> <span class='ocrx_word' id='word_1_298' title='bbox 2673 3830 2973 3892; x_wconf 78' lang='lat' dir='ltr'>laureato·</span> <span class='ocrx_word' id='word_1_299' title='bbox 3031 3830 3124 3889; x_wconf 86' lang='lat' dir='ltr'>Ex</span> <span class='ocrx_word' id='word_1_300' title='bbox 3176 3830 3391 3894; x_wconf 62' lang='lat' dir='ltr'>aversa</span> 
     </span>
     <span class='ocr_line' id='line_1_32' title="bbox 590 3904 3390 3987; baseline 0 -19"><span class='ocrx_word' id='word_1_301' title='bbox 590 3911 673 3969; x_wconf 84' lang='lat'>66</span> <span class='ocrx_word' id='word_1_302' title='bbox 700 3904 771 3968; x_wconf 74' lang='grc' dir='ltr'>δε</span> <span class='ocrx_word' id='word_1_303' title='bbox 806 3905 979 3987; x_wconf 88' lang='lat' dir='ltr'>seqq.</span> <span class='ocrx_word' id='word_1_304' title='bbox 2030 3920 2203 3983; x_wconf 88' lang='lat' dir='ltr'>parte</span> <span class='ocrx_word' id='word_1_305' title='bbox 2259 3917 2542 3972; x_wconf 78' lang='lat' dir='ltr'>1orA1oc</span> <span class='ocrx_word' id='word_1_306' title='bbox 2589 3922 3053 3972; x_wconf 62' lang='lat' dir='ltr'>Anaromrtoc</span> <span class='ocrx_word' id='word_1_307' title='bbox 3101 3920 3390 3968; x_wconf 66' lang='lat' dir='ltr'>marm-:-</span> 
     </span>
    </p>

    <p class='ocr_par' dir='ltr' id='par_1_14' title="bbox 588 3979 3390 4152">
     <span class='ocr_line' id='line_1_33' title="bbox 668 3979 3390 4065; baseline 0.001 -21"><span class='ocrx_word' id='word_1_308' title='bbox 668 3987 698 4024; x_wconf 77' lang='lat'><strong>⁶</strong></span> <span class='ocrx_word' id='word_1_309' title='bbox 738 3985 888 4047; x_wconf 71' lang='lat' dir='ltr'>Nou</span> <span class='ocrx_word' id='word_1_310' title='bbox 942 4005 1105 4047; x_wconf 68' lang='lat' dir='ltr'>Amr.</span> <span class='ocrx_word' id='word_1_311' title='bbox 1157 3987 1508 4062; x_wconf 64' lang='lat' dir='ltr'>nannum]</span> <span class='ocrx_word' id='word_1_312' title='bbox 1541 3982 1762 4065; x_wconf 69' lang='lat' dir='ltr'>Faffltm</span> <span class='ocrx_word' id='word_1_313' title='bbox 1790 3980 1851 4043; x_wconf 78' lang='lat' dir='ltr'>id</span> <span class='ocrx_word' id='word_1_314' title='bbox 1890 3979 1949 4042; x_wconf 85' lang='lat' dir='ltr'>in</span> <span class='ocrx_word' id='word_1_315' title='bbox 2032 3998 2178 4045; x_wconf 77' lang='grc' dir='ltr'>ΤΗΣ</span> <span class='ocrx_word' id='word_1_316' title='bbox 2206 3996 2636 4049; x_wconf 73' lang='grc' dir='ltr'><strong>ΛΛοΔιΚΕΩΝ</strong></span> <span class='ocrx_word' id='word_1_317' title='bbox 2658 4035 2677 4065; x_wconf 88' lang='grc'><em>,</em></span> <span class='ocrx_word' id='word_1_318' title='bbox 2700 3985 2895 4049; x_wconf 79' lang='lat' dir='ltr'>Julius</span> <span class='ocrx_word' id='word_1_319' title='bbox 2908 3986 3265 4049; x_wconf 75' lang='lat' dir='ltr'>Andronicus</span> <span class='ocrx_word' id='word_1_320' title='bbox 3287 3985 3390 4048; x_wconf 82' lang='lat' dir='ltr'>be-</span> 
     </span>
     <span class='ocr_line' id='line_1_34' title="bbox 588 4058 2756 4152; baseline 0.002 -26"><span class='ocrx_word' id='word_1_321' title='bbox 588 4060 838 4143; x_wconf 76' lang='lat' dir='ltr'>Augusto</span> <span class='ocrx_word' id='word_1_322' title='bbox 894 4061 1061 4142; x_wconf 76' lang='lat' dir='ltr'>liquet</span> <span class='ocrx_word' id='word_1_323' title='bbox 1120 4081 1191 4124; x_wconf 78' lang='lat' dir='ltr'>ex</span> <span class='ocrx_word' id='word_1_324' title='bbox 1243 4062 1480 4130; x_wconf 75' lang='lat' dir='ltr'>Horatio</span> <span class='ocrx_word' id='word_1_325' title='bbox 1542 4062 1606 4128; x_wconf 70' lang='lat' dir='ltr'>Cr·</span> <span class='ocrx_word' id='word_1_326' title='bbox 1666 4058 1952 4139; x_wconf 75' lang='lat' dir='ltr'>Manilio,</span> <span class='ocrx_word' id='word_1_327' title='bbox 2029 4062 2241 4143; x_wconf 61' lang='lat' dir='ltr'>nefitus</span> <span class='ocrx_word' id='word_1_328' title='bbox 2272 4065 2335 4126; x_wconf 84' lang='lat' dir='ltr'>in</span> <span class='ocrx_word' id='word_1_329' title='bbox 2364 4062 2756 4152; x_wconf 81' lang='lat' dir='ltr'>Laodicenses.</span> 
     </span>
    </p>
   </div>
   <div class='ocr_carea' id='block_1_8' title="bbox 1570 4295 2420 4570">
    <p class='ocr_par' dir='ltr' id='par_1_15' title="bbox 1570 4295 2420 4570">
     <span class='ocr_line' id='line_1_35' title="bbox 1570 4295 2420 4570; baseline 0 1579"><span class='ocrx_word' id='word_1_330' title='bbox 1570 4295 2420 4570; x_wconf 95' lang='lat' dir='ltr'> </span> 
     </span>
    </p>
   </div>
  </div>
 </body>
</html>
