4975 6149
978 389 1633 481 ANNALIUM
1694 392 2038 482 LIBER
2097 349 2615 491 memus
2684 401 3262 516 QUARTUS..
3342 439 3371 490 1
3395 422 3515 510 69'

735 561 1162 676 imperium
1217 568 1241 604 ¹
1299 554 1653 642 delefims
1681 615 1711 660 ,
1769 557 2351 672 Cappadocum
2398 591 2502 651 ex
2560 563 2985 651 nobilitate
3018 627 3046 671 ,
3098 570 3307 680 regis
3356 572 3504 654 Ar.

731 685 993 780 chelai
1023 713 1281 798 nepos
1311 691 1385 778 ²3
1429 682 1567 767 sed
1604 681 1823 792 quod
1868 686 2007 768 diu
2045 683 2273 768 obses
2319 687 2531 799 apud
2567 688 2867 773 Urbem
2902 694 3200 798 suerat,
3254 697 3500 809 usque

728 817 825 901 ad
890 809 1271 896 servilem
1327 810 1799 923 patientiam
1864 810 2259 894 demiss‘us.
2332 815 2421 894 N
2425 841 2524 894 ec
2594 816 2987 898 consensu
3037 851 3416 934 acceptus
3467 882 3497 928 ,

733 944 1067 1027 durante
1098 937 1310 1051 apud
1336 935 1724 1045 quosdam
1751 935 2026 1020 favore
2055 937 2617 1020 Arsacidarum
2649 950 2669 998 ³
2705 975 2720 1021 :
2750 965 2829 1022 at
2852 938 3211 1053 plerique
3237 948 3499 1060 super-

627 1076 681 1168 5
734 1068 946 1155 biam
982 1067 1465 1148 Parthorum
1502 1061 1757 1174 perosi
1771 1119 1801 1165 ,
1858 1061 2131 1146 datum
2179 1094 2225 1146 a
2280 1065 2674 1148 Romanis
2736 1095 3011 1176 regem
3064 1066 3498 1160 malebant.

734 1192 1127 1279 Additum
1153 1198 1237 1274 ὃς
1266 1187 1705 1303 praesidium
1718 1247 1748 1292 ,
1782 1186 2008 1273 mille
2045 1185 2514 1302 legionarii,
2554 1216 2714 1275 tres
2751 1191 3157 1277 sociorum
3195 1199 3501 1281 cohor-

735 1348 855 1405 tes
877 1378 907 1424 ,
947 1319 1273 1427 duaeque
1328 1315 1690 1425 equitum
1719 1309 1900 1398 alae:
1935 1324 2017 1398 ὃ(
2055 1320 2219 1425 quo
2256 1314 2571 1401 facilius
2609 1346 2912 1400 novum
2942 1350 3278 1432 regnum
3321 1349 3500 1411 tue-

742 1472 954 1530 retur
975 1504 1003 1548 ,
1033 1472 1206 1557 pars
1235 1441 1634 1524 Armenia:
1649 1498 1679 1542 ,
1707 1465 1800 1522 ut
1840 1443 2127 1550 cuique
2164 1443 2545 1546 finitima,
2584 1445 3090 1528 Pharasmani
3127 1445 3497 1536 Polemo-

745 1575 983 1681 nique
1016 1579 1053 1628 ⁴
1080 1563 1545 1650 Aristobulo
1596 1592 1833 1674 atque
1880 1567 2301 1651 Antiocho
2339 1572 2612 1680 parere
2642 1564 2849 1673 juffae
2887 1571 3094 1654 sunt.
3125 1573 3494 1661 Corbulo

571 1703 693 1772 ἰο
738 1699 821 1781 in
861 1697 1170 1807 Syriam
1215 1690 1570 1778 absceffit
1598 1751 1628 1795 ,
1666 1718 1927 1776 morte
1983 1694 2373 1776 Ummidii
2407 1703 2431 1758 5
2474 1692 2723 1808 legati
2769 1726 3107 1780 vacuam
3134 1759 3165 1804 ,
3206 1730 3300 1785 ac
3347 1701 3496 1787 fibi

734 1823 1210 1940 permissam.

856 1947 1271 2035 XXVII.
1332 1945 1546 2032 EoD
1566 1971 1690 2028 ΕΜ
1727 1976 1985 2050 anno,
2010 1975 2115 2030 ex
2140 1942 2593 2031 inlustribus
2642 1945 2835 2030 Afiae
2864 1947 3189 2035 urbibus
3213 2011 3241 2055 ,
3269 1951 3494 2038 Lao-

739 2077 967 2161 dicea
1015 2073 1052 2120 ⁶
1083 2101 1425 2157 tremore
1473 2098 1694 2156 terrae
1743 2070 2161 2186 prolapsa,
2216 2070 2447 2155 nullo
2492 2104 2539 2156 a
2580 2071 2810 2157 nobis
2849 2078 3258 2180 remedio,
3301 2108 3494 2190 pro-

736 2206 923 2317 priis
972 2200 1254 2315 opibus
1293 2197 1660 2283 revaluit.
1715 2201 1829 2283 At
1871 2202 1955 2282 in
1988 2192 2220 2283 Italia
2243 2256 2273 2302 ,
2325 2222 2559 2282 vetus
2590 2199 2980 2313 oppidum
3026 2199 3345 2286 Puteoli
3398 2215 3492 2310 ⁷,

586 2343 682 2422 15
732 2327 852 2438 jus
907 2328 1249 2412 coloniae
1293 2322 1324 2372 ⁸
1355 2386 1384 2429 ,
1431 2334 1515 2408 &
1567 2351 2205 2436 cognomentum
2255 2355 2299 2407 a
2345 2328 2682 2409 Nerone
2720 2324 3287 2439 adipiscuntur.
3319 2332 3493 2415 Ve-

729 2458 980 2540 terani
1027 2464 1062 2515 ⁹
1118 2456 1563 2539 Tarentum
1617 2460 1701 2536 Gt
1749 2454 2088 2534 Antium
2160 2450 2539 2565 adscripti
2586 2510 2614 2554 ,
2676 2480 2840 2534 non
2911 2478 3182 2537 tamen
3238 2456 3493 2538 infre-

731 2585 1067 2694 quentiae
1121 2579 1495 2666 locorum
1544 2576 2027 2681 subvenere,
2077 2575 2386 2691 dilapsis
2444 2574 2801 2692 pluribus
2858 2579 2945 2659 in
2991 2582 3490 2694 provinciaS,

730 2713 815 2793 in
853 2708 1136 2819 quibus
1165 2707 1549 2820 stipendia
1593 2703 2139 2821 expleverant.
2174 2707 2468 2815 Neque
2500 2699 2900 2814 conjugiis
2924 2704 3438 2819 suscipiendis
3456 2768 3497 2813 ,

734 2863 996 2944 neque
1045 2831 1347 2917 alendis
1394 2829 1663 2915 liberis
1720 2833 1969 2933 sueti,
2020 2829 2249 2915 orbas
2311 2830 2471 2912 fine
2516 2832 2842 2944 posteris
2906 2828 3193 2913 domos
3245 2830 3495 2916 relin-

547 2959 687 3030 '20
741 2957 1112 3070 quebant.
1147 2962 1346 3042 Non
1399 2961 1663 3060 enim,
1709 2983 1801 3041 ut
1853 2956 2090 3061 olim,
2135 2956 2515 3041 universae
2555 2952 2921 3065 legiones
2982 2954 3494 3043 deduceban-

737 3112 908 3189 tur,
962 3115 1148 3170 cum
1199 3081 1533 3168 tribunis
1588 3093 1670 3167 ὃ(
1722 3083 2377 3187 centurionibus,
2426 3092 2511 3166 &
2569 3082 2691 3165 sui
2755 3076 3136 3192 cujusque
3179 3084 3491 3172 ordinis

732 3209 1172 3316 militibus,
1215 3236 1307 3293 ut
1338 3209 1732 3295 consensu
1759 3219 1840 3296 &
1866 3215 2196 3324 caritate
2232 3206 2815 3327 rempublicam
2853 3206 3313 3328 efficerent3
3347 3210 3491 3296 sed

551 1547 588 1554 ——

2142 3434 2324 3505 XIV,
2366 3435 2467 3494 26.

2225 3522 2242 3567 5
2295 3512 2534 3574 Morta
2576 3513 2865 3573 Unumn
2893 3508 2922 3583 ]
2953 3506 3050 3568 De
3097 3524 3239 3594 quo·
3283 3499 3481 3594 multa

2144 3589 2305 3661 dieta
2335 3588 2474 3652 sunt
2506 3590 2575 3649 in
2615 3587 2801 3651 Notis
2826 3587 2896 3650 ὃς
2915 3585 3478 3648 Emendatiombus

2142 3667 2221 3733 ad
2258 3669 2483 3733 Annal.
2514 3670 2629 3728 XII
2655 3714 2673 3742 ‚
2706 3686 2806 3746 45.
3155 3738 3165 3751 ·
3478 3720 3487 3735 ‚

2221 3750 2247 3788 ⁶
2290 3748 2706 3822 Laomcsa]
2777 3746 2963 3805 Nunc
3018 3737 3203 3803 Ladzk
3257 3784 3278 3815 ,
3348 3740 3479 3819 jam

2142 3840 2490 3890 memorata
2525 3824 2702 3905 supra
2728 3821 2952 3884 Annal.
2984 3822 3068 3883 lv
3092 3866 3112 3895 ,
3149 3836 3243 3907 55.

2221 3908 2626 4000 [Pur-nou]
2672 3904 2858 3965 Nunc
2904 3894 3170 3988 Poz3uolo
3198 3895 3486 3986 meam-

2143 3972 3485 4137 hfflssiffler2}?.XSY²&⁰¹1’112‘2{¹322{⁰83153¹05

730 3430 799 3494 in
842 3431 1055 3496 museo
1115 3429 1393 3512 Collegii
1442 3429 1763 3496 Ludovici
1804 3432 1909 3497 Ma
1950 3432 2015 3495 ni
2049 3455 2065 3494 ε

730 3511 960 3574 NERO
983 3511 1289 3573 CLAVD.
1312 3512 1622 3574 CAESAR
1654 3514 1847 3575 AVG.
1943 3514 2066 3575 ER.

732 3590 800 3650 P.
815 3589 1038 3651 M.TR.
1052 3591 1115 3650 P.
1131 3590 1290 3650 lMP.
1306 3592 1370 3650 P.
1385 3592 1450 3650 P.
1468 3588 1670 3667 capite
1692 3589 1957 3653 radiato.
1977 3593 2069 3652 Ex

730 3665 991 3731 adversi
1029 3682 1197 3746 parte
1235 3668 1644 3729 VICTORIA
1702 3671 2067 3734 AVGVSTI

727 3747 805 3807 11.
851 3749 972 3810 SC.
1014 3742 1299 3806 Viffioria
1345 3744 1649 3824 gradiens.

806 3835 827 3865 ¹
875 3827 977 3888 An
1013 3843 1462 3886 carnssssunuu
1510 3828 1900 3903 mnarum]
1957 3828 2072 3889 Ar-

723 3902 969 3967 menia·

803 3992 831 4022 ²
875 3983 1064 4044 Rnors
1094 3982 1432 4047 Ancum
1456 3984 1704 4059 utros]
1740 3982 2066 4059 Archelai,

729 4058 1162 4148 cappadociae·
1206 4059 1411 4141 regis,
1470 4080 1664 4140 quem
1706 4082 1743 4124 a
1797 4061 2067 4126 Tiberio

726 4138 997 4201 Romam
1036 4155 1302 4200 accitum
1328 4184 1348 4211 ‚
1397 4158 1552 4205 mox
1597 4142 1967 4203 accusatum
1998 4141 2070 4202 in

732 4214 981 4284 senatu,
1045 4235 1115 4278 ac
1157 4216 1411 4279 demum
1465 4237 1702 4296 angore
1762 4218 1940 4284 fimul
1998 4220 2069 4282 &

729 4291 907 4360 senio
948 4290 1203 4362 fessum,
1239 4292 1432 4355 finem
1470 4293 1616 4356 vitae
1642 4340 1661 4367 ,
1697 4296 1919 4375 sponte
1962 4295 2066 4359 in-

727 4385 1012 4444 certum,
1052 4388 1133 4432 an
1162 4367 1333 4445 fat0,
1391 4368 1735 4449 impleviffe
1803 4374 2067 4457 legimus

727 4449 963 4513 Annal.
999 4449 1097 4523 11,
1133 4467 1238 4525 4²·

807 4539 830 4583 3
878 4527 1411 4613 Ansncmnuu]
1436 4523 1801 4588 Parthorum
1821 4549 2065 4608 regum,

731 4605 839 4744 gui
872 4608 949 4668 ab
990 4603 1214 4667 Arsace
1253 4603 1401 4675 duih
1442 4602 1583 4664 sunt
1617 4602 1923 4682 Arsacidae.
1956 4606 2068 4670 Vi·-

734 4705 814 4822 le
845 4685 1043 4748 Notas
1084 4683 1157 4747 ὅ(
1190 4678 1686 4746 Emendationes
1729 4683 1809 4746 acl
1842 4684 2065 4759 Annal,

767 4765 835 4835 1,
881 4782 930 4822 1.

817 4847 848 4889 4
885 4842 1303 4921 ΡυΛιΑεκΑω
1338 4838 1858 4931 Por-tuomque]
1908 4838 2070 4905 Vide

741 4916 945 4983 Notas
1020 4916 1090 4979 δε
1160 4918 1650 4985 Emendanones
1702 4920 1782 4985 ad
1840 4917 2070 4997 Amal.

986 5002 1199 5091 Tom.
1244 5005 1360 5094 ΙΙ.

2144 4141 2313 4215 cius,
2354 4140 2775 4219 Neapolitana
2798 4135 3024 4200 Histor.
3067 4135 3171 4210 11,
3211 4153 3313 4210 24·
3339 4151 3482 4210 pag.

2142 4240 2268 4341 7οἷ
2291 4218 2762 4370 ᾗείξὲἓὲιειι]
2792 4293 3036 4377 Longe·
3060 4291 3241 4360 ante,
3280 4303 3483 4346 anno-

2142 4396 2265 4456 que
2298 4379 2373 4438 U.
2405 4378 2479 4441 C.
2506 4398 2658 4437 mx.
2694 4375 2797 4434 Jus
2822 4369 3095 4431 colomae
3116 4364 3482 4426 habuerant.

3550 595 3781 646 ffl-

3552 672 3783 726 Aac.

3592 765 3737 839 813.

3583 868 3632 917 J.
3665 868 3727 917 C.

3612 959 3719 1021 60.

2144 4456 2331 4516 Nunc
2364 4452 2555 4517 tertio
2587 4452 2667 4513 iis
2712 4450 2925 4510 datum
2946 4442 3216 4504 videtur.
3260 4439 3358 4500 De
3382 4438 3482 4501 his
3566 4444 3572 4453 ’

2142 4532 2315 4612 plura
2356 4531 2424 4593 in
2454 4528 2647 4593 Notis
2689 4527 2761 4590 δε
2800 4514 3363 4583 Emendationibus
3400 4517 3480 4580 ad

2143 4609 2370 4674 Annal.
2402 4611 2591 4681 XIV,
2638 4624 2741 4684 27.
3165 4671 3179 4684 ⁶
3422 4670 3439 4684 ,
3481 4682 3485 4687 ἢ

2220 4697 2248 4739 9
2290 4686 2680 4757 Vna-amm]
2720 4677 2867 4738 Haee
2895 4684 3215 4735 veteranis
3249 4690 3483 4735 emen-

2144 4762 2344 4842 risque
2384 4758 2691 4822 militibus
2737 4745 3075 4839 praemia-:-
3107 4766 3171 4841 at
3218 4751 3485 4839 tumpb

2147 4839 2493 4910 libertatis,
2544 4854 2663 4895 nec
2707 4847 2844 4891 non
2890 4826 3182 4891 hbrdmrs
3233 4826 3426 4888 studia
3463 4870 3485 4898 ,

2148 4916 2640 5001 negligebantur.
2660 4905 2826 4977 Vide
2842 4904 3043 4967 Notas
3077 4908 3153 4968 ὃς
3177 4903 3492 4968 Emenda-

3030 4993 3122 5078 Y
