4975 6149
1526 401 1738 493 DE
1894 405 2672 496 NERONE
3326 341 3569 536 ns

702 565 947 667 fimum
987 566 1058 637 in
1096 559 1384 637 omnibus
1401 558 2009 661 fideicommissariis
2039 562 2507 638 hereditatibus
2531 561 2644 660 ,fi
2681 589 2808 662 qua
2845 562 2920 637 de
2958 565 3056 637 his
3100 566 3279 640 bonis
3303 570 3506 669 judi-

718 674 821 740 cia
856 665 1244 761 penderent,
1296 686 1380 733 ex
1420 663 1520 732 his
1561 686 1661 733 eos
1686 662 1906 755 subire
1931 710 1966 745 ‚ff
2003 666 2075 731 in
2110 688 2262 760 quos
2293 669 2398 763 J'us
2439 663 2815 761 fruelusque
2861 667 3325 762 transferetur,
3366 689 3502 768 po'-

719 767 850 840 tius
894 764 1089 864 qudm
1123 767 1344 860 cuique
1373 763 1794 856 periculosam
1835 759 1945 858 effe
1962 759 2173 858 fidem
2193 762 2388 857 suam
2416 788 2447 829 :
2481 764 2704 855 placet
2744 786 2816 833 ut
2856 768 3131 838 aiiiones
3156 821 3181 856 ,
3234 797 3372 869 quae
3427 777 3501 844 in

720 865 1008 938 heredem
1043 862 1485 958 heredibusque
1521 860 1668 933 dari
1692 862 2083 957 fialent,eas
2119 885 2160 932 n
2280 889 2310 933 e
2336 865 2405 932 in
2440 887 2580 951 eos,
2620 886 2814 960 neque
2851 865 2948 935 his
2980 865 3171 955 dari,
3195 876 3306 965 qui
3321 870 3501 967 fidei

705 966 845 1062 suae
892 962 1274 1060 commiffum
1298 1016 1322 1052 ,
1346 959 1525 1059 ficut
1570 966 1781 1060 rogati
1823 963 2051 1061 efflent,
2104 886 2564 1059 refliiuiffient:
2588 962 2707 1058 sed
2746 966 2842 1035 his
2867 1017 2889 1050 ,
2935 965 3013 1038 ἔπ’
3045 969 3115 1035 in
3148 992 3247 1039 eos
3274 1022 3297 1057 ,
3342 976 3497 1067 qui-

716 1066 834 1138 bus
872 1090 956 1136 ex
993 1063 1360 1160 testamento
1380 1060 1946 1161 fideicommiffiim·
1970 1060 2328 1160 restitutum
2349 1061 2576 1161 fuiffiet
2601 1091 2634 1133 :
2724 1067 2801 1136 uo
2831 1068 3035 1161 magis
3069 1068 3140 1135 in
3172 1069 3492 1168 reliquum

717 1163 1177 1262 confirmentur
1197 1163 1514 1259 supremae
1557 1161 1996 1258 defunclorum
2027 1163 2416 1234 voluntates.
2467 1159 2663 1262 Dige
2726 1218 2743 1236 .
2776 1161 2940 1235 libr.
2975 1159 3307 1242 XXXVI.
3338 1167 3497 1249 Tit.-

719 1287 797 1346 1.
842 1262 937 1338 ad
979 1260 1692 1338 Senatusconsultum
1733 1259 2307 1335 Trebellianum.
2351 1260 2532 1362 Leg.
2594 1287 2661 1336 1.
2697 1286 2789 1336 ex
2828 1260 3183 1361 UlpianO.

824 1362 1089 1439 Literae
1116 1420 1137 1454 ,
1163 1389 1325 1466 quae
1346 1387 1389 1437 a
1414 1361 1681 1438 saeeulo
1699 1383 2258 1460 corrumpuntur
2275 1359 2501 1460 magis
2519 1415 2539 1449 ,
2564 1362 2778 1462 quam
2805 1360 3145 1437 saeculum
3164 1388 3487 1441 corrum-

715 1484 905 1565 punt
925 1521 945 1554 ‚
988 1462 1359 1540 communi
1390 1461 1586 1563 peste
1619 1462 1822 1538 fuere
1854 1461 2133 1537 afflatae.
2166 1460 2613 1563 Eloquentia
2640 1461 2951 1538 verbosa
2982 1461 3120 1535 fuit
3151 1469 3221 1537 &
3254 1467 3493 1566 quaes-

716 1565 977 1639 mosa:
1026 1563 1507 1664 Philosophia
1546 1584 1800 1666 arguta
1835 1561 2062 1665 magis
2089 1616 2111 1651 ‚
2163 1562 2377 1664 quam
2419 1560 2691 1635 virilis:
2733 1560 2971 1636 Poefis
3011 1562 3301 1664 turgida
3343 1591 3501 1666 pos

715 1662 861 1737 tisis
886 1720 909 1755 ,
960 1665 1174 1766 quam
1220 1664 1514 1741 vivida:
1557 1661 1978 1764 Tragoediae
2024 1660 2288 1763 exigua
2332 1661 2531 1751 IauS,
2588 1661 2757 1737 cnm
2795 1683 2963 1737 aetas
3005 1687 3146 1737 nec
3188 1663 3490 1741 virtutes

719 1762 981 1853 ferret,
1012 1790 1152 1838 nec
1241 1766 1446 1839 unita
1508 1763 1738 1840 vellet
1774 1762 2124 1837 crimina:
2173 1761 2573 1839 Comoedia
2612 1761 2815 1836 nulla
2853 1761 2996 1837 fuit
3024 1818 3045 1852 ,
3094 1787 3256 1865 quae
3303 1764 3490 1842 sem-

716 1887 851 1962 per
885 1863 1023 1937 esse
1059 1862 1151 1940 de
1178 1863 1316 1937 init
1339 1920 1360 1953 ,
1407 1864 1577 1939 etun
1609 1862 1973 1939 validiora
2001 1862 2163 1935 sunt
2193 1862 2376 1939 vitia
2399 1917 2419 1951 ,
2466 1864 2683 1963 quam
2715 1883 2796 1936 ut
2817 1898 2846 1951 ·‚
2895 1883 3018 1935 aut
3050 1862 3488 1963 exprobren-

710 1983 833 2035 tur
861 2017 883 2051 ,
932 1984 1053 2035 aut
1095 1963 1592 2040 emendentur.
1647 1962 1906 2064 Viguit
1945 1960 2244 2064 quidem
2301 1961 2578 2037 Mufice
2625 2018 2646 2051 ‚
2703 1961 2830 2036 sed
2887 1961 3299 2037 effeminata
3327 2020 3349 2054 ,
3409 1971 3490 2040 <Sc

712 2060 1102 2162 impudicis
1146 2062 1386 2137 modis
1427 2063 1685 2138 fracta:
1728 2063 2009 2164 placuit
2052 2061 2330 2137 Pictura
2385 2060 2932 2163 compendiaria
2978 2086 3065 2137 ac
3100 2063 3484 2139 monsttro-

710 2160 833 2250 sa,
932 2186 1099 2235 uam
1136 2162 1421 2238 Gallice
1461 2162 1768 2239 dicimus
1813 2166 1901 2238 les
1953 2163 2155 2236 Grote
2224 2189 2354 2237 ues.

814 2187 1117 2336 Ptcslblica
1162 2286 1458 2362 quoque
1501 2263 1772 2360 placita
1816 2263 2079 2336 sectata
2119 2288 2159 2336 e
2261 2261 2687 2350 Medicina,
2733 2284 2896 2362 quae
2924 2260 3073 2336 sese
3099 2262 3484 2338 hominum

707 2354 1024 2460 ingeniis
1062 2359 1270 2460 aeque
1294 2416 1317 2449 ,
1366 2384 1454 2433 ac
1486 2360 1762 2434 morbis
1789 2415 1810 2449 ,
1862 2381 2317 2460 attemperat.
2362 2360 2559 2435 Csim
2595 2386 2786 2436 vana
2825 2365 3076 2435 cuneta
3103 2361 3363 2451 essent,
3409 2368 3481 2438 δε

708 2458 1002 2533 venalia
1025 2514 1046 2548 ,
1096 2460 1180 2550 Q.
1221 2462 1564 2533 Stertinius
1595 2465 1949 2555 imputavit
1978 2461 2380 2555 Principibus
2406 2521 2427 2549 ,
2478 2461 2643 2562 quod
2671 2463 2820 2535 far-S
2845 2466 3174 2562 quingenis
3198 2466 3428 2535 annuis
3451 2518 3479 2556 ,

710 2554 1020 2633 Gallicae
1053 2578 1370 2632 monetae
1411 2557 1616 2633 libris
1647 2559 1894 2655 97,26
1894 2583 1939 2656 5
1965 2613 1988 2648 ,
2036 2583 2362 2632 contentus
2391 2560 2532 2658 effit
2553 2590 2583 2632 .·
2607 2563 2886 2656 sexcena
2919 2569 3087 2635 enim
3112 2622 3133 2650 ,
3175 2559 3481 2639 Gallicae

707 2679 1027 2733 monetae
1069 2655 1287 2733 libras
1340 2658 1672 2756 116,718
1703 2713 1725 2748 ‚
1755 2660 1890 2758 fibi
1929 2656 2169 2759 quaestu
2220 2658 2412 2731 Urbis
2438 2659 2672 2756 suffe,
2724 2667 3075 2735 numeratis
3122 2662 3407 2734 domibus
3450 2719 3481 2758 ,

706 2757 1083 2854 ostendebat.
1123 2761 1259 2832 Par
1303 2758 1378 2832 ἔν’
1405 2759 1621 2855 fratri
1667 2765 1801 2858 ejus
1843 2783 2070 2833 merces
2111 2784 2153 2830 a
2193 2756 2467 2830 Claudio
2512 2759 2751 2852 Caesare
2777 2761 2992 2855 infusa
3041 2759 3179 2856 est:
3230 2763 3481 2858 census}

706 2881 825 2954 que
859 2908 879 2941 ‚
935 2883 1296 2956 quanquam
1333 2857 1671 2956 exhausti,
1723 2861 2009 2954 operibus
2039 2860 2324 2953 Neapoli·
2366 2856 2686 2929 exornatd
2710 2911 2741 2943 ,
2781 2859 2989 2931 heredi
3029 2863 3185 2934 H-S
3233 2868 3414 2947 (ῖς-ς
3449 2918 3478 2955 ,

707 2953 1017 3031 Gallicae
1054 2979 1371 3033 monetae
1409 2956 1626 3040 libras
1675 2960 1935 3060 5,836,
1943 2981 2101 3055 507
2124 3012 2147 3047 ,
2197 2958 2501 3056 reliquere
2527 3011 2563 3046 ‚A
2591 2978 2902 3055 quantum
2937 2959 3022 3030 ad
3052 2986 3191 3031 eam
3223 2989 3477 3038 atatem

700 3057 1060 3130 Arruntius
1060 3060 1265 3153 solus.
1299 3061 1589 3133 Exortus
1620 3060 1843 3135 deinde
1870 3059 1957 3158 est
1979 3060 2047 3133 V
2038 3060 2230 3133 cilius
2265 3059 2522 3144 Valens,
2550 3058 2868 3131 adulterio
2891 3060 3243 3157 Meffizlinae
3279 3065 3479 3138 Clau-

707 3154 805 3228 dii
850 3159 1115 3254 Caesaris
1158 3160 1580 3249 nobilitatus,
1617 3165 1985 3261 pariterque
2029 3161 2412 3257 eloquentiae·
2439 3158 2789 3258 affiaefiator.
2837 3161 2904 3231 Is
2944 3185 3085 3231 eam
3114 3167 3477 3255 potentiam

701 3256 926 3327 nactus
948 3313 971 3346 ,
1019 3282 1253 3330 novam
1293 3258 1576 3355 instituit
1598 3256 1868 3356 ficiam.
1911 3260 2174 3333 Eadem·
2201 3280 2355 3334 oetas
2392 3262 2667 3332 Neronis
2712 3262 3088 3353 Principatu
3118 3262 3201 3334 ad
3228 3262 3478 3362 Theffiz-

700 3354 841 3425 lum
881 3356 1283 3455 transilivit,
1336 3358 1641 3432 delentem
1685 3362 1912 3434 cunila
1952 3364 2272 3457 majorum
2305 3360 2557 3454 placita
2593 3419 2613 3447 ,
2688 3359 2766 3432 ὃ·
2826 3360 3003 3432 rabie
3061 3361 3340 3459 quadam
3401 3367 3475 3436 in

702 3460 906 3526 omnis
944 3462 1070 3529 aevi
1116 3458 1382 3531 medicos
1420 3472 1824 3553 perorantem
1847 3489 1880 3533 .·
1919 3462 2098 3559 quali
2134 3459 2487 3554 prudentid
2549 3462 2923 3559 ingenioque
2949 3512 2974 3547 ,
3020 3458 3322 3556 oestimari
3365 3464 3475 3536 vel

701 3577 829 3623 uno
866 3581 1240 3650 argumento
1279 3557 1522 3630 abunde
1551 3559 1760 3657 potest
1788 3615 1811 3650 ,
1860 3559 2001 3635 ciem
2049 3581 2448 3632 monumento
2476 3560 2603 3654 fito
2652 3564 2684 3653 (
2721 3558 2885 3656 quod
2920 3556 3007 3654 est
3047 3560 3266 3656 Appia
3293 3558 3472 3657 via)

686 3654 1055 3750 jatronicen
1082 3704 1105 3742 ,
1153 3653 1232 3728 id
1281 3652 1380 3729 est
1423 3654 1877 3734 medicorum
1926 3658 2324 3747 victorem,
2352 3659 2427 3754 se
2466 3658 2870 3755 inscripserit.
2905 3659 3174 3730 Nullius
3218 3658 3476 3757 histrio-

621 3797 634 3800 ψ
700 3774 856 3822 num
894 3778 1316 3854 equarumque
1359 3759 1623 3855 trigarii
1667 3765 2027 3833 comitatior
2068 3761 2332 3860 egreffus
2373 3765 2442 3831 in
2478 3758 2738 3855 publico
2777 3778 2917 3829 erat
2943 3785 2974 3827 .·
3023 3759 3473 3848 camerinas,

607 3884 610 3889 ⁴
697 3849 1110 3951 Maffilienfis
1137 3906 1157 3941 ,
1205 3852 1298 3929 de
1348 3852 1716 3931 Marseille
1743 3912 1769 3947 ‚
1818 3883 1958 3931 arte
1996 3859 2373 3957 geminatd,
2422 3883 2495 3931 ut
2549 3862 2798 3930 cautior
2842 3856 3349 3956 religiqfiorque,
3383 3860 3472 3932 ad

676 3947 968 4044 fiderum
1012 3977 1218 4028 motus
1259 3981 1342 4029 ex
1374 3958 1755 4053 ephemeride
1786 3958 2257 4033 Mathematicd
2290 3961 2456 4033 cibos
2486 3958 2694 4033 dando
2719 4010 2741 4045 ,
2783 3957 3083 4053 horasque
3124 3959 3471 4054 observan-

696 4048 823 4159 ἀρ,
872 4054 1251 4129 ααᾶονίταεε
1308 4083 1448 4129 eum
1489 4056 1818 4153 praeceffi't.
1866 4062 2207 4159 Nuperque
2266 4065 2492 4134 centies
2548 4059 2703 4131 H-S
2721 4117 2740 4144 ,
2789 4054 3097 4130 Gallicae
3149 4076 3472 4132 monetae

698 4143 924 4221 libras
961 4173 1369 4252 1,945‚502
1400 4210 1421 4243 ,
1463 4161 1770 4258 reliquit,
1811 4165 2011 4232 muris
2038 4165 2275 4255 patriae
2300 4220 2319 4248 ,
2351 4159 2770 4256 manibusque
2804 4160 2954 4230 aliis
2982 4181 3160 4251 paene
3180 4183 3306 4229 non
3339 4161 3472 4227 mi-

693 4254 840 4320 nori
865 4250 1126 4345 summd
1184 4249 1541 4346 exstrueus.
1580 4261 1672 4328 Hi
1728 4261 2027 4356 regebant
2053 4259 2215 4354 fata
2238 4314 2263 4349 ,
2309 4263 2448 4339 curn
2489 4260 2738 4353 repente
2799 4261 3128 4329 civitatem
3174 4258 3470 4328 Charmis

694 4371 784 4418 ex
822 4349 1038 4422 eddem
1079 4347 1375 4444 Maffilid
1412 4352 1650 4447 invasit
1677 4412 1697 4440 ,
1742 4357 2068 4429 damnatis
2118 4385 2245 4432 non
2267 4362 2484 4454 solum
2515 4356 2840 4454 prioribus
2889 4355 3192 4441 medicis,
3240 4355 3468 4428 verum

694 4445 775 4520 δυ’
832 4447 1099 4521 balineis
1131 4478 1161 4520 .·
1220 4449 1600 4548 frigiddque
1641 4456 1836 4525 etiam
1887 4455 2162 4526 hibernis
2222 4459 2551 4556 algoribus
2592 4459 2810 4530 lavari
2841 4450 3174 4549 persuasit.
3235 4451 3468 4549 Metfit

693 4571 895 4645 agros
935 4553 1006 4621 in
1049 4551 1244 4623 lacus.
1285 4550 1666 4624 Videbamus
1687 4551 1870 4647 senes
1914 4552 2266 4638 consulares
2316 4556 2503 4653 usque
2539 4561 2607 4627 in
2659 4552 3135 4649 ostentationem
3170 4556 3468 4651 rigentes.

693 4645 849 4733 Qud
887 4647 964 4719 de
1005 4674 1070 4719 re
1112 4649 1325 4746 exstat
1367 4656 1562 4723 etiam
1602 4653 1837 4724 Annaei
1876 4651 2122 4723 Senecae
2167 4650 2605 4750 adstipulatio.
2651 4655 2785 4722 Nec
2831 4650 3093 4721 dubium
3132 4648 3220 4746 est
3257 4674 3470 4722 omnes

695 4745 720 4810 i
781 4770 843 4812 os
872 4802 890 4829 ,
931 4745 1192 4840 famam
1240 4756 1524 4822 novitate
1567 4751 1792 4852 aliqud
1842 4772 2228 4845 aucupantes
2256 4810 2277 4841 ,
2325 4750 2548 4825 animd
2581 4748 2815 4853 statim
2868 4747 3085 4848 nostrd
3118 4754 3467 4851 negotiari.

752 4838 881 4918 lin.
925 4843 1212 4939 XXIX,
1278 4873 1345 4925 1.
1393 4848 1558 4925 sest.
1617 4873 1683 4951 5.
