4975 6149
972 413 1141 501 AD
1192 411 1647 501 LIBRUM
1682 410 1919 498 xlv,
1949 404 2237 495 ANN.
2290 410 2387 494 c,
2441 406 3256 497 CORN.TAC1T1.
3325 427 3499 522 4⁶3

729 595 904 667 opem
924 568 1192 667 feratis.
1251 571 1674 669 Nequaquam
1724 568 1876 642 verb
1917 565 2238 641 metuendi
2288 566 2470 639 vobis
2516 566 2798 639 Romani
2842 567 3054 662 fient:
3102 566 3268 664 qubd
3313 594 3511 667 neque

721 675 946 766 plures
969 673 1131 768 fient
1184 694 1444 743 numero
1474 721 1497 755 ,
1555 670 1749 768 qudm
1784 693 1897 741 nos
1927 718 1949 753 ,
1997 693 2106 739 nec
2149 666 2485 763 fortiores.
2546 674 2955 765 Argumenta
3004 665 3127 763 est,
3185 669 3348 766 quod
3400 673 3509 743 illi

721 774 970 870 galeis,
1001 770 1412 859 thoracibus,
1461 771 1792 843 tibialibus
1831 771 1980 841 tec‘li
2017 767 2222 862 sunt,
2278 767 2356 840 ἐπ’
2403 790 2716 860 praeterea
2764 769 3000 854 vallis,
3056 771 3399 858 menibus,
3430 772 3509 843 ὃ·

712 870 901 969 sqffis
934 875 1207 956 muniti,
1251 895 1327 942 ne
1358 871 1511 968 quid
1543 871 1824 963 amplius
1853 894 1937 941 ex
1970 869 2223 962 incursu
2259 865 2473 962 hostili
2506 866 2655 964 ipsts
2686 868 2907 940 damni
2932 868 3207 945 accidat.
3233 857 3509 946 Malunt

725 976 898 1043 enim
935 974 1031 1042 his
1083 968 1231 1068 ipsis
1279 971 1462 1043 rebus
1500 975 1597 1043 uti
1620 995 1762 1065 prce
1786 968 2185 1065 formidine,
2230 970 2426 1064 quam
2464 968 2755 1062 expedite
2801 967 2987 1067 quid,
3033 994 3204 1041 more
3241 970 3451 1067 nostro
3476 1024 3506 1065 ,

722 1074 799 1141 in
839 1068 1075 1167 hostem
1118 1096 1329 1170 agere.
1375 1071 1715 1142 Nimirum
1761 1094 1838 1142 ea
1847 1066 2270 1164 fortitudinis
2312 1066 2713 1139 abundantia
2757 1071 2828 1139 in
2859 1068 3035 1142 nobis
3078 1066 3204 1165 est,
3238 1093 3312 1142 ut
3354 1095 3507 1144 ten-

727 1174 902 1243 toria
945 1168 1161 1266 nostra
1202 1173 1401 1242 muris
1444 1195 1660 1244 eorum
1717 1175 1960 1242 tutiora
1987 1220 2008 1256 ,
2042 1167 2118 1240 85
2153 1165 2348 1262 scuta
2400 1170 2573 1237 omni
2618 1193 2834 1239 eorum
2872 1170 3212 1240 armaturd
3246 1177 3509 1265 potiora

718 1293 1042 1365 putemus.
1080 1269 1233 1361 Qud
1264 1296 1345 1344 ex
1375 1296 1442 1342 re
1466 1330 1484 1356 ,
1500 1268 1573 1366 fi
1599 1293 1789 1364 penes
1848 1293 1961 1339 nos
1997 1271 2121 1340 erit
2148 1268 2425 1339 vicloria
2445 1316 2469 1353 ,
2501 1267 2711 1364 facile
2751 1295 2851 1340 eos
2899 1271 3215 1364 capiemus
3242 1271 3402 1369 :fin
3432 1282 3508 1347 vi

728 1394 843 1442 nos
865 1373 1268 1465 propulerint
1291 1420 1313 1455 ,
1343 1368 1732 1469 effugiemus.
1766 1367 1956 1459 Qubd
1962 1366 2034 1465 st
2048 1365 2469 1464 statuerimus
2504 1392 2615 1439 nos
2643 1369 2857 1465 aliqub
2900 1374 3206 1464 recipere,
3238 1375 3306 1440 in
3345 1375 3508 1471 ejusl

725 1470 903 1543 modi
945 1495 1055 1543 nos
1096 1471 1366 1564 paludes
1433 1471 1731 1544 abdemus
1794 1469 1872 1542 ἐπ’
1943 1490 2184 1539 montes
2210 1528 2228 1554 ,
2297 1490 2368 1538 ut
2412 1467 2493 1538 ab
2562 1472 2643 1540 iis
2680 1471 2961 1541 inueniri
3017 1490 3134 1539 aut
3191 1477 3333 1564 capi
3389 1498 3507 1546 ne-

725 1596 1049 1669 queamus.
1086 1572 1205 1643 Illi
1246 1575 1397 1644 verb
1447 1575 1782 1668 gravitate
1822 1594 2148 1641 armorum
2193 1567 2482 1662 impediti
2524 1627 2543 1655 ,
2593 1593 2787 1667 neque
2838 1569 3075 1666 insequi
3130 1596 3507 1669 quemquam

718 1692 1067 1765 poterunt,
1112 1695 1304 1769 neque
1319 1672 1395 1766 se
1435 1676 1504 1743 in
1522 1672 1767 1772 fugam
1798 1691 2179 1742 convertere.
2243 1668 2493 1759 Quibus
2539 1672 2610 1739 in
2657 1670 2837 1740 rebus
2877 1669 3019 1756 cum
3075 1672 3276 1741 multo
3329 1673 3508 1746 nobis

725 1770 1058 1865 irfferiores
1085 1768 1277 1868 sint,
1342 1793 1479 1842 tum
1519 1771 1803 1844 maxime
1861 1769 2025 1869 qubd
2057 1772 2352 1866 famem,
2388 1765 2583 1864 sitim
2618 1821 2643 1854 ‚
2679 1768 2904 1866 frigus
2926 1823 2950 1857 ‚
3014 1771 3288 1842 calorem
3350 1798 3508 1866 per-

710 1870 894 1967 ferre
942 1870 1257 1965 nobiscum
1293 1895 1420 1942 non
1462 1872 1715 1971 pqffunt
1741 1900 1770 1942 .·
1811 1870 2037 1942 umbra
2060 1928 2079 1956 ,
2129 1891 2491 1966 tegumento
2516 1921 2539 1956 ,
2575 1869 2912 1966 frumento
2949 1869 3217 1961 subaclo
3242 1925 3262 1953 ‚
3298 1878 3451 1944 vino
3483 1931 3504 1961 ,

726 1971 862 2042 oleo
891 2022 914 2055 ,
944 1975 1040 2041 ita
1088 1971 1417 2068 indigent,
1461 1994 1533 2041 ut
1541 1970 1613 2068 st
1681 1971 1788 2043 uid
1835 1995 2050 2041 eorum
2087 1969 2383 2066 deficiat,
2428 1990 2719 2062 pereant.
2756 1968 2956 2040 Nobis
3006 1992 3223 2041 autem
3264 1979 3508 2069 quaevis

723 2068 920 2141 herba
949 2068 1025 2141 Cr
1070 2071 1309 2157 radix,
1355 2070 1525 2142 cibus
1576 2098 1606 2140 e
1689 2099 1719 2140 .·
1771 2070 2037 2167 quilibet
2056 2071 2287 2167 succus
2319 2123 2343 2157 ,
2401 2071 2607 2141 oleum
2636 2097 2665 2138 .·
2700 2074 2903 2140 omnis
2960 2093 3126 2166 aqua
3153 2124 3175 2157 ,
3227 2076 3505 2143 vinum.-

727 2172 931 2239 omnis
980 2168 1170 2239 arbor
1195 2222 1216 2255 ,
1264 2172 1507 2241 domus.
1545 2178 1866 2239 Praeterea
1893 2227 1912 2252 ,
1945 2170 2073 2238 haec
2097 2171 2236 2239 loca
2266 2168 2441 2238 nobis
2478 2168 2729 2262 quidem
2758 2169 2921 2261 fient
2954 2166 3330 2260 familiaria
3354 2223 3376 2256 ,
3430 2171 3510 2242 ὃ·

732 2265 914 2363 quast
921 2265 1103 2357 socia
1130 2268 1214 2335 ad
1241 2267 1477 2336 bellum
1502 2266 1849 2360 gerendum
1873 2317 1895 2350 ,
1932 2266 2068 2333 illis
2099 2269 2237 2334 inco
2286 2269 2429 2333 nita
2456 2265 2534 2334 ξφ
2566 2270 2827 2337 inimica
2856 2293 2887 2334 .·
2936 2289 3046 2335 nos
3070 2267 3322 2362 fluvios
3350 2269 3511 2342 nudi

723 2365 804 2438 ὃ·
839 2384 1059 2434 nantes
1085 2361 1464 2460 transimus,
1514 2364 1622 2434 illi
1673 2386 1750 2434 ne
1784 2362 2057 2433 navibus
2104 2291 2354 2458 quicfem
2373 2360 2585 2457 facile
2620 2367 2978 2461 trajiciunt.
3022 2367 3245 2461 Itaque
3268 2419 3291 2453 ‚
3342 2369 3511 2464 quod

709 2463 896 2560 felix
920 2460 1335 2561 faustumque
1360 2460 1460 2560 fit
1497 2521 1516 2549 ,
1563 2463 2013 2535 contendamus
2046 2464 2115 2531 in
2146 2486 2245 2533 eos
2291 2460 2710 2557 confidenter,
2760 2461 3316 2562 ostendamusque,
3364 2492 3506 2558 eos,

722 2566 868 2638 cum
916 2562 1150 2653 lepores
1157 2560 1299 2656 fint
1325 2583 1396 2632 at
1443 2589 1516 2633 ue
1562 2564 1827 2655 vulpes,
1873 2565 2089 2633 conari
2117 2562 2378 2633 canibus
2437 2562 2511 2632 {⁸5
2544 2566 2713 2655 lupis
2744 2566 3079 2654 imperare.

820 2658 1014 2733 Haec
1039 2681 1204 2730 cum
1220 2656 1367 2729 dixi
1425 2680 1499 2731 et
1529 2658 1918 2755 leporeme
1950 2658 2233 2769 gremio
2258 2657 2520 2732 dimisit
2539 2712 2561 2746 ,
2595 2658 2860 2732 ominis
2891 2658 3233 2758 capiendi
3256 2663 3510 2740 causei:

725 2759 858 2862 qui
888 2754 1048 2858 post
1099 2780 1265 2829 uam
1300 2756 1670 2855 auspicati>
1695 2778 2012 2830 cucurrit
2039 2811 2059 2843 ‚
2090 2756 2427 2830 universa
2468 2755 2866 2832 multitudo
2900 2757 3309 2832 laetantibus
3355 2762 3511 2836 ani-

728 2858 866 2935 mis
887 2855 1064 2933 voci
1096 2878 1289 2931 erata
1315 2853 1437 2931 est.
1467 2857 1660 2930 Tum
1692 2852 2102 2945 Bunduica‚
2121 2878 2341 2927 manu
2361 2854 2453 2926 ad
2469 2854 2731 2929 eoelum
2746 2857 3114 2955 perrefita,
3147 2858 3291 2932 ait:
3323 2864 3510 2936 Gra-

726 2966 859 3034 tias
880 2984 1002 3058 ago
1027 2961 1186 3045 tibi,
1224 2956 1543 3054 Andraste
1573 3017 1592 3045 ,
1625 2979 1802 3057 teque
1833 2959 2065 3029 mulier
2094 2956 2421 3026 mulierem
2451 2961 2674 3028 invoco
2701 3010 2723 3043 ,
2749 2982 2873 3027 non
2902 2958 3139 3054 bajulis
3175 2967 3509 3057 AEgyptiis

725 3064 1090 3156 imperans,
1131 3080 1202 3128 ut
1251 3059 1540 3130 Nitocris
1564 3084 1596 3144 ‚·
1644 3084 1769 3129 non
1812 3056 2081 3157 Aſjyriis
2140 3055 2638 3144 mercatoribus,
2717 3081 2790 3129 ut
2844 3056 3215 3129 Semiramis
3238 3084 3270 3142 ,-
3323 3071 3353 3145 (
3375 3063 3509 3135 haec

723 3166 894 3235 enim
923 3165 1073 3257 jam
1098 3186 1141 3230 a
1175 3159 1484 3231 Romanis
1516 3163 1862 3253 accepimus
1879 3164 1958 3252 5)
1994 3183 2103 3230 nec
2156 3159 2403 3252 rursum
2433 3157 2745 3230 Romanis
2790 3154 2937 3254 ipsts
2958 3211 2983 3245 ,
3020 3180 3092 3228 ut
3115 3160 3315 3251 paulo
3353 3162 3508 3234 ante

723 3262 1070 3361 Meffizlina
1095 3312 1120 3348 ,
1162 3258 1298 3355 post
1326 3260 1695 3357 Agrippina
1722 3313 1746 3347 ,
1773 3283 1938 3330 nunc
1966 3259 2142 3331 Nero
2169 3316 2188 3344 ,
2219 3262 2330 3355 qui
2358 3260 2468 3328 vir
2512 3262 2763 3330 nomine
2788 3310 2810 3345 ,
2840 3283 2909 3329 re
2941 3256 3082 3352 ipscl
3120 3258 3351 3330 mulier
3375 3258 3461 3357 est
3481 3285 3507 3335 ε

725 3360 798 3434 id
829 3360 994 3459 quod
1020 3385 1101 3432 ex
1129 3386 1196 3431 eo
1228 3362 1510 3459 intelligi
1540 3358 1788 3457 potest,
1820 3358 1983 3457 quod
2030 3384 2182 3429 voce
2231 3358 2308 3431 Cr
2349 3357 2604 3430 citharcl
2643 3362 2857 3443 canit,
2904 3356 3189 3457 quo'dque
3233 3382 3507 3432 ornatur

723 3461 1121 3533 muliebriter
1147 3487 1177 3529 .·
1201 3460 1321 3557 sed
1363 3465 1525 3533 viris
1566 3461 1908 3532 Britannis
1923 3458 2232 3555 praefeffa
2252 3512 2276 3549 ,
2305 3462 2414 3558 qui
2450 3483 2574 3530 non
2602 3483 2793 3557 agros
2819 3459 3017 3530 colere
3037 3510 3061 3547 ‚
3089 3483 3214 3530 non
3253 3459 3509 3556 opifices

724 3559 836 3657 effi
858 3612 882 3647 ,
904 3559 1023 3655 fid
1063 3560 1233 3632 bella
1269 3586 1487 3657 gerere
1532 3561 1763 3656 optime
1793 3558 2150 3631 didicerunt
2178 3588 2207 3629 .·
2237 3564 2349 3658 qui
2383 3558 2525 3629 cum
2571 3582 2777 3632 cetera
2802 3562 3015 3629 omnia
3037 3613 3060 3646 ,
3092 3580 3227 3631 tum
3275 3562 3500 3634 liberos

724 3664 805 3732 fr
851 3684 1082 3731 uxores
1126 3685 1475 3732 communes
1500 3660 1611 3757 effe
1635 3666 1802 3734 inter
1822 3660 1898 3755 Je
1928 3680 2172 3756 putant
2199 3688 2229 3728 .·
2273 3680 2463 3757 atque
2489 3656 2627 3730 ideo
2667 3659 2743 3732 ξφ
2791 3659 3162 3732 mulieribus
3197 3660 3353 3756 hisce
3378 3663 3508 3732 im-

711 3783 988 3853 perans·,
1014 3783 1152 3858 quae
1178 3759 1458 3832 eamdem
1490 3785 1634 3832 cum
1675 3759 1959 3831 maribus
1993 3761 2305 3831 virtutem
2344 3780 2662 3830 exercent.
2713 3760 2872 3831 Cum
2913 3761 3124 3857 igitur
3172 3785 3281 3857 ego
3328 3762 3504 3854 apud

724 3859 1034 3957 ejusmodi
1078 3864 1255 3931 viros
1302 3881 1491 3958 atque
1522 3860 1811 3957 feminas
1855 3884 2120 3956 regnum
2162 3859 2528 3947 obtineam,
2574 3868 2787 3953 preces
2825 3860 2937 3929 has
2976 3859 3094 3930 tibi
3113 3858 3327 3955 fundo
3353 3913 3377 3947 ‚
3427 3860 3507 3933 ὃ·

716 3980 869 4052 peto
904 3959 1015 4032 abs
1042 3980 1104 4032 te
1146 3960 1487 4032 vibioriam
1511 4007 1532 4044 ,
1563 3962 1847 4057 salutem
1869 4012 1891 4048 ‚
1928 3960 2288 4032 libertatem
2310 4018 2329 4046 ,
2352 3982 2575 4031 contra
2600 3963 2776 4031 viros
2803 3962 3075 4055 injurios
3094 4017 3114 4045 ,
3146 3960 3459 4054 improbos
3481 4014 3508 4051 ,

735 4058 1131 4152 insatiabiles
1155 4111 1177 4146 ,
1201 4059 1591 4155 sceleratos:
1617 4058 1689 4157 fi
1719 4062 1853 4132 viri
1887 4059 2257 4154 appellandi
2289 4064 2452 4157 sunt
2497 4062 2820 4149 homines,
2861 4063 2973 4156 qui
3009 4059 3224 4132 calida
3266 4062 3508 4132 lavan-

732 4177 884 4244 tur,
919 4157 1070 4228 cibis
1129 4158 1302 4228 laute
1355 4165 1686 4252 apparatis
1729 4157 2104 4255 vescuntur,
2162 4185 2404 4233 merum
2443 4159 2722 4251 bibunt,
2776 4164 3112 4259 unguentis
3152 4160 3503 4258 diffluunt,

732 4257 1019 4328 molliter
1037 4253 1272 4327 cubant
1292 4308 1314 4343 ,
1342 4283 1483 4327 cum
1496 4264 1708 4350 pueris
1732 4318 1750 4345 ,
1773 4282 1960 4358 atque
2002 4265 2081 4334 iis
2106 4263 2412 4348 exoletis,
2434 4283 2658 4333 coeunt
2675 4316 2699 4350 ,
2728 4260 3068 4334 citharoedo
3090 4313 3115 4347 ,
3150 4261 3225 4331 Cr
3255 4260 3507 4356 quidem

737 4357 947 4443 malo,
968 4356 1293 4450 serviunt.
1327 4357 1479 4428 Non
1512 4359 1669 4428 mihi
1691 4410 1714 4444 ,
1745 4359 1983 4453 obficro
2005 4421 2029 4448 ,
2064 4386 2190 4434 non
2218 4363 2398 4436 vobis
2426 4361 2669 4434 diutius
2713 4367 2976 4452 imperet
3012 4362 3142 4431 haec
3179 4359 3502 4446 Neronis,

733 4455 864 4528 haec
892 4457 1193 4528 Domitia
1213 4480 1244 4539 ;
1293 4459 1623 4527 cantatrix
1653 4454 1968 4530 Romanis
2004 4461 2409 4535 dominetur:
2447 4463 2681 4561 dignus
2707 4450 2791 4555 est
2831 4464 2940 4556 qui
2975 4455 3332 4551 hujusmodi
3365 4485 3511 4529 mu-

729 4556 878 4627 lieri
899 4555 1156 4651 serviat
1170 4610 1191 4643 ,
1225 4561 1405 4654 cujus
1446 4553 1848 4653 tyrannidem
1881 4578 2016 4627 tarn
2064 4559 2253 4655 longo
2284 4566 2436 4659 jam
2496 4564 2792 4653 temporis
2819 4558 3040 4652 spatio
3064 4556 3361 4653 sustinet.
3411 4560 3507 4631 Tu

732 4660 884 4726 vero
914 4714 931 4739 ,
965 4658 1251 4727 Domina
1271 4709 1292 4743 ‚
1332 4656 1505 4727 nobis
1518 4657 1772 4751 semper
1785 4655 1932 4751 Jbla
1949 4657 2177 4751 proeses
2202 4658 2340 4730 dux
2386 4686 2458 4730 ue
2495 4657 2644 4753 esto.

835 4752 995 4827 Dio
1032 4754 1219 4828 hanc
1266 4753 1562 4856 longam
1598 4752 2009 4829 orationem
2037 4779 2128 4829 ex
2168 4757 2333 4831 Bou
2390 4755 2567 4829 iceae
2608 4752 2947 4829 oratione
2990 4753 3255 4829 Annal.
3290 4753 3507 4845 XIV,

733 4877 776 4955 3
793 4874 883 4955 53
923 4852 1437 4933 Britannorum
1470 4852 1779 4959 querelis
1800 4911 1827 4951 ‚
1868 4853 1950 4931 in
1975 4854 2152 4933 Vita
2188 4854 2433 4961 Agr-ic.
2462 4853 2593 4934 XV
2605 4880 2635 4949 3
2674 4856 2969 4959 egregia
3009 4853 3315 4959 Galgaci
3343 4878 3508 4931 ora-
