<?xml version="1.0" encoding="UTF-8"?>
<!DOCTYPE html PUBLIC "-//W3C//DTD XHTML 1.0 Transitional//EN"
    "http://www.w3.org/TR/xhtml1/DTD/xhtml1-transitional.dtd">
<html xmlns="http://www.w3.org/1999/xhtml" xml:lang="en" lang="en">
 <head>
  <title>
</title>
<meta http-equiv="Content-Type" content="text/html;charset=utf-8" />
  <meta name='ocr-system' content='tesseract 3.04.00' />
  <meta name='ocr-capabilities' content='ocr_page ocr_carea ocr_par ocr_line ocrx_word'/>
</head>
<body>
  <div class='ocr_page' id='page_1' title='image "./ccorneliitaciti04brotgoog_0241.png"; bbox 0 0 4975 6149; ppageno 0'>
   <div class='ocr_carea' id='block_1_1' title="bbox 811 348 3386 473">
    <p class='ocr_par' dir='ltr' id='par_1_1' title="bbox 811 348 3386 473">
     <span class='ocr_line' id='line_1_1' title="bbox 811 348 3386 473; baseline 0.003 -31"><span class='ocrx_word' id='word_1_1' title='bbox 811 349 1465 442; x_wconf 91' lang='lat' dir='ltr'><strong>ANNALIUM</strong></span> <span class='ocrx_word' id='word_1_2' title='bbox 1528 348 1873 437; x_wconf 91' lang='lat' dir='ltr'>LIBER</span> <span class='ocrx_word' id='word_1_3' title='bbox 1936 350 2448 440; x_wconf 90' lang='lat' dir='ltr'><strong>DECIMUS</strong></span> <span class='ocrx_word' id='word_1_4' title='bbox 2519 357 3057 473; x_wconf 86' lang='lat' dir='ltr'><strong>QUINTUS.</strong></span> <span class='ocrx_word' id='word_1_5' title='bbox 3218 394 3324 470; x_wconf 86' lang='lat'>23</span> <span class='ocrx_word' id='word_1_6' title='bbox 3358 396 3386 449; x_wconf 90' lang='lat'>1</span> 
     </span>
    </p>
   </div>
   <div class='ocr_carea' id='block_1_2' title="bbox 491 514 3681 2409">
    <p class='ocr_par' dir='ltr' id='par_1_2' title="bbox 491 514 3681 2409">
     <span class='ocr_line' id='line_1_2' title="bbox 618 514 3681 639; baseline -0.004 -31"><span class='ocrx_word' id='word_1_7' title='bbox 618 514 1054 608; x_wconf 83' lang='lat' dir='ltr'>exitiabilis</span> <span class='ocrx_word' id='word_1_8' title='bbox 1112 515 1563 630; x_wconf 84' lang='lat' dir='ltr'>superstitio</span> <span class='ocrx_word' id='word_1_9' title='bbox 1624 525 1646 561; x_wconf 87' lang='lat'>¹</span> <span class='ocrx_word' id='word_1_10' title='bbox 1696 515 1960 597; x_wconf 79' lang='lat' dir='ltr'>rursus</span> <span class='ocrx_word' id='word_1_11' title='bbox 2002 515 2472 630; x_wconf 83' lang='lat' dir='ltr'>erumpebat</span> <span class='ocrx_word' id='word_1_12' title='bbox 2500 579 2529 622; x_wconf 87' lang='lat'><strong><em>,</em></strong></span> <span class='ocrx_word' id='word_1_13' title='bbox 2564 550 2734 605; x_wconf 90' lang='lat' dir='ltr'>non</span> <span class='ocrx_word' id='word_1_14' title='bbox 2761 525 3012 609; x_wconf 76' lang='lat' dir='ltr'>modo</span> <span class='ocrx_word' id='word_1_15' title='bbox 3061 555 3202 639; x_wconf 87' lang='lat' dir='ltr'>per</span> <span class='ocrx_word' id='word_1_16' title='bbox 3253 531 3396 620; x_wconf 76' lang='lat' dir='ltr'>Ju-</span> <span class='ocrx_word' id='word_1_17' title='bbox 3444 551 3681 598; x_wconf 55' lang='grc' dir='ltr'>εξ</span> 
     </span>
     <span class='ocr_line' id='line_1_3' title="bbox 618 628 3673 783; baseline 0.003 -52"><span class='ocrx_word' id='word_1_18' title='bbox 618 650 911 751; x_wconf 81' lang='lat' dir='ltr'>daearn,</span> <span class='ocrx_word' id='word_1_19' title='bbox 946 645 1356 757; x_wconf 84' lang='lat' dir='ltr'>originem</span> <span class='ocrx_word' id='word_1_20' title='bbox 1406 638 1575 749; x_wconf 85' lang='lat' dir='ltr'>ejus</span> <span class='ocrx_word' id='word_1_21' title='bbox 1610 639 1855 745; x_wconf 83' lang='lat' dir='ltr'>mali,</span> <span class='ocrx_word' id='word_1_22' title='bbox 1894 641 2030 726; x_wconf 89' lang='lat' dir='ltr'>sed</span> <span class='ocrx_word' id='word_1_23' title='bbox 2057 672 2200 757; x_wconf 86' lang='lat' dir='ltr'>per</span> <span class='ocrx_word' id='word_1_24' title='bbox 2225 642 2529 727; x_wconf 81' lang='lat' dir='ltr'><strong>Urbem</strong></span> <span class='ocrx_word' id='word_1_25' title='bbox 2567 651 2811 733; x_wconf 89' lang='lat' dir='ltr'>etiam</span> <span class='ocrx_word' id='word_1_26' title='bbox 2838 711 2865 754; x_wconf 88' lang='lat'><strong><em>,</em></strong></span> <span class='ocrx_word' id='word_1_27' title='bbox 2897 656 3058 763; x_wconf 78' lang='lat' dir='ltr'>quo</span> <span class='ocrx_word' id='word_1_28' title='bbox 3110 658 3395 741; x_wconf 59' lang='lat' dir='ltr'>cuncta</span> <span class='ocrx_word' id='word_1_29' title='bbox 3443 628 3673 783; x_wconf 42' lang='lat'>23³⁰&amp;</span> 
     </span>
     <span class='ocr_line' id='line_1_4' title="bbox 618 742 3644 894; baseline 0.002 -34"><span class='ocrx_word' id='word_1_30' title='bbox 618 776 979 887; x_wconf 88' lang='lat' dir='ltr'>undique</span> <span class='ocrx_word' id='word_1_31' title='bbox 1032 772 1343 855; x_wconf 85' lang='lat' dir='ltr'>atrocia</span> <span class='ocrx_word' id='word_1_32' title='bbox 1376 829 1406 874; x_wconf 89' lang='lat'><em>‚</em></span> <span class='ocrx_word' id='word_1_33' title='bbox 1480 795 1617 854; x_wconf 88' lang='lat' dir='ltr'>aut</span> <span class='ocrx_word' id='word_1_34' title='bbox 1668 769 2042 884; x_wconf 89' lang='lat' dir='ltr'>pudenda</span> <span class='ocrx_word' id='word_1_35' title='bbox 2070 830 2099 873; x_wconf 87' lang='lat'><strong><em>,</em></strong></span> <span class='ocrx_word' id='word_1_36' title='bbox 2136 772 2564 855; x_wconf 82' lang='lat' dir='ltr'>confluunt</span> <span class='ocrx_word' id='word_1_37' title='bbox 2610 834 2639 876; x_wconf 87' lang='lat'><strong><em>,</em></strong></span> <span class='ocrx_word' id='word_1_38' title='bbox 2700 774 3392 894; x_wconf 72' lang='lat' dir='ltr'><strong>celebranturque.</strong></span> <span class='ocrx_word' id='word_1_39' title='bbox 3471 838 3545 891; x_wconf 81' lang='lat' dir='ltr'>‘J.</span> <span class='ocrx_word' id='word_1_40' title='bbox 3569 742 3644 890; x_wconf 55' lang='grc' dir='ltr'>ἒ</span> 
     </span>
     <span class='ocr_line' id='line_1_5' title="bbox 619 895 3623 1017; baseline 0.002 -31"><span class='ocrx_word' id='word_1_41' title='bbox 619 904 882 1017; x_wconf 81' lang='lat' dir='ltr'>Igitur</span> <span class='ocrx_word' id='word_1_42' title='bbox 939 901 1205 1015; x_wconf 76' lang='lat' dir='ltr'>primo</span> <span class='ocrx_word' id='word_1_43' title='bbox 1268 899 1623 1012; x_wconf 82' lang='lat' dir='ltr'>correpti</span> <span class='ocrx_word' id='word_1_44' title='bbox 1662 900 1798 1007; x_wconf 76' lang='lat' dir='ltr'>qui</span> <span class='ocrx_word' id='word_1_45' title='bbox 1848 895 2361 1000; x_wconf 82' lang='lat' dir='ltr'>fatebantur,</span> <span class='ocrx_word' id='word_1_46' title='bbox 2412 899 2703 985; x_wconf 77' lang='lat' dir='ltr'>dei-nde</span> <span class='ocrx_word' id='word_1_47' title='bbox 2753 903 3063 990; x_wconf 91' lang='lat' dir='ltr'>indicio</span> <span class='ocrx_word' id='word_1_48' title='bbox 3112 939 3393 993; x_wconf 88' lang='lat' dir='ltr'>eoru-m</span> <span class='ocrx_word' id='word_1_49' title='bbox 3512 932 3623 1006; x_wconf 77' lang='lat'>64.</span> 
     </span>
     <span class='ocr_line' id='line_1_6' title="bbox 518 1024 3395 1148; baseline 0.001 -34"><span class='ocrx_word' id='word_1_50' title='bbox 518 1055 567 1148; x_wconf 84' lang='lat'>5</span> <span class='ocrx_word' id='word_1_51' title='bbox 622 1026 1066 1114; x_wconf 88' lang='lat' dir='ltr'>multitudo</span> <span class='ocrx_word' id='word_1_52' title='bbox 1111 1027 1400 1137; x_wconf 88' lang='lat' dir='ltr'>ingens</span> <span class='ocrx_word' id='word_1_53' title='bbox 1447 1083 1475 1128; x_wconf 88' lang='lat'><strong><em>,</em></strong></span> <span class='ocrx_word' id='word_1_54' title='bbox 1540 1024 1758 1108; x_wconf 88' lang='lat' dir='ltr'>haud</span> <span class='ocrx_word' id='word_1_55' title='bbox 1805 1025 2137 1136; x_wconf 86' lang='lat' dir='ltr'>perinde</span> <span class='ocrx_word' id='word_1_56' title='bbox 2193 1028 2279 1107; x_wconf 91' lang='lat' dir='ltr'>in</span> <span class='ocrx_word' id='word_1_57' title='bbox 2321 1026 2661 1111; x_wconf 88' lang='lat' dir='ltr'>crimine</span> <span class='ocrx_word' id='word_1_58' title='bbox 2701 1029 3117 1140; x_wconf 81' lang='lat' dir='ltr'>incendii,</span> <span class='ocrx_word' id='word_1_59' title='bbox 3155 1034 3395 1146; x_wconf 70' lang='lat' dir='ltr'>quam</span> 
     </span>
     <span class='ocr_line' id='line_1_7' title="bbox 626 1151 3398 1269; baseline -0.004 -27"><span class='ocrx_word' id='word_1_60' title='bbox 626 1157 818 1242; x_wconf 92' lang='lat' dir='ltr'>odio</span> <span class='ocrx_word' id='word_1_61' title='bbox 850 1154 1186 1238; x_wconf 80' lang='lat' dir='ltr'>humani</span> <span class='ocrx_word' id='word_1_62' title='bbox 1227 1152 1549 1263; x_wconf 90' lang='lat' dir='ltr'>generis</span> <span class='ocrx_word' id='word_1_63' title='bbox 1604 1152 1957 1236; x_wconf 58' lang='lat' dir='ltr'>convicii</span> <span class='ocrx_word' id='word_1_64' title='bbox 2009 1151 2191 1235; x_wconf 90' lang='lat' dir='ltr'>sunt</span> <span class='ocrx_word' id='word_1_65' title='bbox 2241 1161 2300 1236; x_wconf 87' lang='lat'>².</span> <span class='ocrx_word' id='word_1_66' title='bbox 2371 1152 2480 1237; x_wconf 89' lang='lat' dir='ltr'>Et</span> <span class='ocrx_word' id='word_1_67' title='bbox 2539 1155 3056 1269; x_wconf 85' lang='lat' dir='ltr'>pereuntibus</span> <span class='ocrx_word' id='word_1_68' title='bbox 3127 1163 3398 1249; x_wconf 63' lang='lat' dir='ltr'>addita</span> 
     </span>
     <span class='ocr_line' id='line_1_8' title="bbox 625 1278 3397 1396; baseline 0.003 -29"><span class='ocrx_word' id='word_1_69' title='bbox 625 1281 1013 1384; x_wconf 85' lang='lat' dir='ltr'>ludibria,</span> <span class='ocrx_word' id='word_1_70' title='bbox 1042 1306 1133 1363; x_wconf 90' lang='lat' dir='ltr'>ut</span> <span class='ocrx_word' id='word_1_71' title='bbox 1174 1278 1526 1363; x_wconf 88' lang='lat' dir='ltr'>ferarum</span> <span class='ocrx_word' id='word_1_72' title='bbox 1561 1281 1809 1390; x_wconf 86' lang='lat' dir='ltr'>tergis</span> <span class='ocrx_word' id='word_1_73' title='bbox 1841 1282 2190 1362; x_wconf 70' lang='lat' dir='ltr'>conteffi</span> <span class='ocrx_word' id='word_1_74' title='bbox 2217 1340 2246 1383; x_wconf 86' lang='lat'><strong><em>,</em></strong></span> <span class='ocrx_word' id='word_1_75' title='bbox 2276 1278 2581 1366; x_wconf 88' lang='lat' dir='ltr'>laniatu</span> <span class='ocrx_word' id='word_1_76' title='bbox 2607 1313 2898 1367; x_wconf 90' lang='lat' dir='ltr'>canum</span> <span class='ocrx_word' id='word_1_77' title='bbox 2924 1287 3343 1376; x_wconf 88' lang='lat' dir='ltr'>interirent</span> <span class='ocrx_word' id='word_1_78' title='bbox 3365 1348 3397 1396; x_wconf 87' lang='lat'><strong><em>,</em></strong></span> 
     </span>
     <span class='ocr_line' id='line_1_9' title="bbox 631 1405 3407 1521; baseline 0.003 -27"><span class='ocrx_word' id='word_1_79' title='bbox 631 1437 768 1495; x_wconf 87' lang='lat' dir='ltr'>aut</span> <span class='ocrx_word' id='word_1_80' title='bbox 807 1405 1179 1493; x_wconf 86' lang='lat' dir='ltr'>crucibus</span> <span class='ocrx_word' id='word_1_81' title='bbox 1217 1405 1439 1489; x_wconf 79' lang='lat' dir='ltr'>affixi</span> <span class='ocrx_word' id='word_1_82' title='bbox 1463 1464 1493 1509; x_wconf 88' lang='lat'><em>‚</em></span> <span class='ocrx_word' id='word_1_83' title='bbox 1556 1430 1698 1489; x_wconf 79' lang='lat' dir='ltr'>aut</span> <span class='ocrx_word' id='word_1_84' title='bbox 1729 1405 2193 1490; x_wconf 85' lang='lat' dir='ltr'>flammandi</span> <span class='ocrx_word' id='word_1_85' title='bbox 2215 1467 2244 1510; x_wconf 86' lang='lat'><strong><em>,</em></strong></span> <span class='ocrx_word' id='word_1_86' title='bbox 2274 1432 2513 1516; x_wconf 88' lang='lat' dir='ltr'>atque</span> <span class='ocrx_word' id='word_1_87' title='bbox 2552 1408 2691 1492; x_wconf 89' lang='lat' dir='ltr'>ubi</span> <span class='ocrx_word' id='word_1_88' title='bbox 2740 1410 3149 1498; x_wconf 77' lang='lat' dir='ltr'>defecisset</span> <span class='ocrx_word' id='word_1_89' title='bbox 3171 1416 3339 1501; x_wconf 89' lang='lat' dir='ltr'>dies</span> <span class='ocrx_word' id='word_1_90' title='bbox 3364 1475 3407 1521; x_wconf 74' lang='lat'><em>5</em></span> 
     </span>
     <span class='ocr_line' id='line_1_10' title="bbox 633 1530 3399 1655; baseline 0.002 -36"><span class='ocrx_word' id='word_1_91' title='bbox 633 1539 718 1620; x_wconf 91' lang='lat' dir='ltr'>in</span> <span class='ocrx_word' id='word_1_92' title='bbox 758 1535 992 1618; x_wconf 90' lang='lat' dir='ltr'>usum</span> <span class='ocrx_word' id='word_1_93' title='bbox 1034 1534 1407 1618; x_wconf 55' lang='lat' dir='ltr'>noeturni</span> <span class='ocrx_word' id='word_1_94' title='bbox 1455 1530 1782 1616; x_wconf 88' lang='lat' dir='ltr'>luminis</span> <span class='ocrx_word' id='word_1_95' title='bbox 1821 1560 2267 1618; x_wconf 87' lang='lat' dir='ltr'>urerentur.</span> <span class='ocrx_word' id='word_1_96' title='bbox 2323 1535 2638 1620; x_wconf 86' lang='lat' dir='ltr'>Hortos</span> <span class='ocrx_word' id='word_1_97' title='bbox 2686 1537 2920 1621; x_wconf 84' lang='lat' dir='ltr'>suos³</span> <span class='ocrx_word' id='word_1_98' title='bbox 2968 1541 3042 1622; x_wconf 92' lang='lat' dir='ltr'>ei</span> <span class='ocrx_word' id='word_1_99' title='bbox 3096 1541 3399 1655; x_wconf 63' lang='lat' dir='ltr'>spefila-</span> 
     </span>
     <span class='ocr_line' id='line_1_11' title="bbox 495 1657 3395 1767; baseline 0.001 -17"><span class='ocrx_word' id='word_1_100' title='bbox 495 1695 583 1750; x_wconf 83' lang='grc' dir='ltr'>ιο</span> <span class='ocrx_word' id='word_1_101' title='bbox 634 1659 823 1748; x_wconf 89' lang='lat' dir='ltr'>culo</span> <span class='ocrx_word' id='word_1_102' title='bbox 847 1665 1079 1747; x_wconf 91' lang='lat' dir='ltr'>Nero</span> <span class='ocrx_word' id='word_1_103' title='bbox 1110 1657 1516 1744; x_wconf 85' lang='lat' dir='ltr'>obt‘ulerat</span> <span class='ocrx_word' id='word_1_104' title='bbox 1540 1720 1569 1763; x_wconf 87' lang='lat'><strong><em>,</em></strong></span> <span class='ocrx_word' id='word_1_105' title='bbox 1618 1666 1702 1743; x_wconf 75' lang='grc' dir='ltr'>ὅ(</span> <span class='ocrx_word' id='word_1_106' title='bbox 1730 1658 2114 1743; x_wconf 89' lang='lat' dir='ltr'>Circense</span> <span class='ocrx_word' id='word_1_107' title='bbox 2158 1659 2565 1756; x_wconf 88' lang='lat' dir='ltr'>ludicrum</span> <span class='ocrx_word' id='word_1_108' title='bbox 2593 1661 2923 1767; x_wconf 87' lang='lat' dir='ltr'>edebat,</span> <span class='ocrx_word' id='word_1_109' title='bbox 2949 1665 3227 1751; x_wconf 90' lang='lat' dir='ltr'>habitu</span> <span class='ocrx_word' id='word_1_110' title='bbox 3256 1700 3395 1754; x_wconf 90' lang='lat' dir='ltr'>au·-</span> 
     </span>
     <span class='ocr_line' id='line_1_12' title="bbox 630 1783 3397 1906; baseline 0.002 -33"><span class='ocrx_word' id='word_1_111' title='bbox 630 1792 816 1902; x_wconf 80' lang='lat' dir='ltr'>rigae</span> <span class='ocrx_word' id='word_1_112' title='bbox 863 1790 1303 1904; x_wconf 74' lang='lat' dir='ltr'>permixtus</span> <span class='ocrx_word' id='word_1_113' title='bbox 1329 1784 1592 1902; x_wconf 87' lang='lat' dir='ltr'>plebi,</span> <span class='ocrx_word' id='word_1_114' title='bbox 1640 1783 1774 1870; x_wconf 89' lang='lat' dir='ltr'>vel</span> <span class='ocrx_word' id='word_1_115' title='bbox 1813 1785 2224 1872; x_wconf 19' lang='lat' dir='ltr'>curriculo.</span> <span class='ocrx_word' id='word_1_116' title='bbox 2261 1788 2637 1872; x_wconf 77' lang='lat' dir='ltr'>insistens.</span> <span class='ocrx_word' id='word_1_117' title='bbox 2655 1790 2889 1875; x_wconf 89' lang='lat' dir='ltr'>Unde</span> <span class='ocrx_word' id='word_1_118' title='bbox 2916 1822 3397 1906; x_wconf 89' lang='lat' dir='ltr'>quamquam</span> 
     </span>
     <span class='ocr_line' id='line_1_13' title="bbox 629 1912 3399 2028; baseline 0.001 -26"><span class='ocrx_word' id='word_1_119' title='bbox 629 1917 1002 2001; x_wconf 73' lang='lat' dir='ltr'>adversus</span> <span class='ocrx_word' id='word_1_120' title='bbox 1040 1914 1306 1999; x_wconf 90' lang='lat' dir='ltr'>sontes</span> <span class='ocrx_word' id='word_1_121' title='bbox 1340 1922 1421 1997; x_wconf 74' lang='grc' dir='ltr'>ὅ(</span> <span class='ocrx_word' id='word_1_122' title='bbox 1457 1913 1875 1998; x_wconf 78' lang='lat' dir='ltr'>noviss&#39;ima</span> <span class='ocrx_word' id='word_1_123' title='bbox 1904 1912 2278 2028; x_wconf 82' lang='lat' dir='ltr'>exempla</span> <span class='ocrx_word' id='word_1_124' title='bbox 2311 1917 2642 1999; x_wconf 88' lang='lat' dir='ltr'>meritos</span> <span class='ocrx_word' id='word_1_125' title='bbox 2665 1975 2695 2020; x_wconf 88' lang='lat'><em>‚</em></span> <span class='ocrx_word' id='word_1_126' title='bbox 2731 1919 3135 2005; x_wconf 89' lang='lat' dir='ltr'>miseratio</span> <span class='ocrx_word' id='word_1_127' title='bbox 3188 1925 3399 2006; x_wconf 89' lang='lat' dir='ltr'>orie-</span> 
     </span>
     <span class='ocr_line' id='line_1_14' title="bbox 632 2037 3397 2156; baseline 0.003 -29"><span class='ocrx_word' id='word_1_128' title='bbox 632 2042 916 2145; x_wconf 87' lang='lat' dir='ltr'>batur,</span> <span class='ocrx_word' id='word_1_129' title='bbox 947 2069 1355 2153; x_wconf 85' lang='lat' dir='ltr'>tamquam</span> <span class='ocrx_word' id='word_1_130' title='bbox 1394 2071 1564 2127; x_wconf 90' lang='lat' dir='ltr'>non</span> <span class='ocrx_word' id='word_1_131' title='bbox 1593 2038 1945 2125; x_wconf 84' lang='lat' dir='ltr'>utilitate</span> <span class='ocrx_word' id='word_1_132' title='bbox 1988 2037 2313 2156; x_wconf 61' lang='lat' dir='ltr'>publica</span> <span class='ocrx_word' id='word_1_133' title='bbox 2340 2102 2370 2147; x_wconf 89' lang='lat'><strong><em>,</em></strong></span> <span class='ocrx_word' id='word_1_134' title='bbox 2420 2041 2561 2126; x_wconf 89' lang='lat' dir='ltr'>sed</span> <span class='ocrx_word' id='word_1_135' title='bbox 2607 2045 2694 2124; x_wconf 91' lang='lat' dir='ltr'>in</span> <span class='ocrx_word' id='word_1_136' title='bbox 2732 2043 3107 2129; x_wconf 86' lang='lat' dir='ltr'>saevitiam</span> <span class='ocrx_word' id='word_1_137' title='bbox 3159 2051 3397 2135; x_wconf 87' lang='lat' dir='ltr'>unius</span> 
     </span>
     <span class='ocr_line' id='line_1_15' title="bbox 635 2167 2426 2253; baseline -0.003 0"><span class='ocrx_word' id='word_1_138' title='bbox 635 2167 1265 2253; x_wconf 89' lang='lat' dir='ltr'>absumerentur.</span> <span class='ocrx_word' id='word_1_139' title='bbox 2403 2170 2426 2199; x_wconf 55' lang='lat'><em>³</em></span> 
     </span>
     <span class='ocr_line' id='line_1_16' title="bbox 491 2292 3399 2409; baseline 0.002 -32"><span class='ocrx_word' id='word_1_140' title='bbox 491 2326 520 2377; x_wconf 91' lang='lat'>1</span> <span class='ocrx_word' id='word_1_141' title='bbox 536 2322 576 2404; x_wconf 86' lang='lat'><em>5</em></span> <span class='ocrx_word' id='word_1_142' title='bbox 755 2295 1036 2395; x_wconf 88' lang='lat' dir='ltr'><strong>XLV.</strong></span> <span class='ocrx_word' id='word_1_143' title='bbox 1100 2296 1541 2378; x_wconf 71' lang='lat' dir='ltr'>INTEREA</span> <span class='ocrx_word' id='word_1_144' title='bbox 1600 2292 2113 2379; x_wconf 87' lang='lat' dir='ltr'>conferendis</span> <span class='ocrx_word' id='word_1_145' title='bbox 2143 2295 2509 2408; x_wconf 89' lang='lat' dir='ltr'>pecuniis</span> <span class='ocrx_word' id='word_1_146' title='bbox 2556 2304 2597 2354; x_wconf 82' lang='lat'>4</span> <span class='ocrx_word' id='word_1_147' title='bbox 2628 2299 3069 2409; x_wconf 87' lang='lat' dir='ltr'>pervastata</span> <span class='ocrx_word' id='word_1_148' title='bbox 3096 2296 3331 2383; x_wconf 86' lang='lat' dir='ltr'>Italia</span> <span class='ocrx_word' id='word_1_149' title='bbox 3364 2356 3399 2403; x_wconf 90' lang='lat'><strong><em>,</em></strong></span> 
     </span>
    </p>
   </div>
   <div class='ocr_carea' id='block_1_3' title="bbox 631 2582 3403 2669">
    <p class='ocr_par' dir='ltr' id='par_1_3' title="bbox 631 2582 3403 2669">
     <span class='ocr_line' id='line_1_17' title="bbox 631 2582 3403 2669; baseline 0 -17"><span class='ocrx_word' id='word_1_150' title='bbox 631 2582 909 2652; x_wconf 82' lang='lat' dir='ltr'>eruditos</span> <span class='ocrx_word' id='word_1_151' title='bbox 936 2583 1208 2650; x_wconf 84' lang='lat' dir='ltr'>invaluit</span> <span class='ocrx_word' id='word_1_152' title='bbox 1248 2606 1422 2651; x_wconf 90' lang='lat' dir='ltr'>error</span> <span class='ocrx_word' id='word_1_153' title='bbox 1446 2633 1467 2664; x_wconf 96' lang='lat'>,</span> <span class='ocrx_word' id='word_1_154' title='bbox 1505 2587 1683 2669; x_wconf 74' lang='lat' dir='ltr'>quod</span> <span class='ocrx_word' id='word_1_155' title='bbox 1726 2605 1863 2667; x_wconf 84' lang='lat' dir='ltr'>quae</span> <span class='ocrx_word' id='word_1_156' title='bbox 1898 2588 1978 2650; x_wconf 90' lang='lat' dir='ltr'>de</span> <span class='ocrx_word' id='word_1_157' title='bbox 2051 2602 2132 2647; x_wconf 83' lang='lat' dir='ltr'>tot</span> <span class='ocrx_word' id='word_1_158' title='bbox 2154 2585 2300 2664; x_wconf 78' lang='lat' dir='ltr'>maje</span> <span class='ocrx_word' id='word_1_159' title='bbox 2341 2584 2455 2646; x_wconf 84' lang='lat' dir='ltr'>atis</span> <span class='ocrx_word' id='word_1_160' title='bbox 2492 2583 2574 2645; x_wconf 81' lang='lat' dir='ltr'>rei</span> <span class='ocrx_word' id='word_1_161' title='bbox 2609 2584 2927 2666; x_wconf 69' lang='lat' dir='ltr'>patisslent</span> <span class='ocrx_word' id='word_1_162' title='bbox 2965 2631 3151 2654; x_wconf 91' lang='grc'><strong>.....</strong></span> <span class='ocrx_word' id='word_1_163' title='bbox 3187 2587 3403 2653; x_wconf 84' lang='lat' dir='ltr'>Crude-</span> 
     </span>
    </p>
   </div>
   <div class='ocr_carea' id='block_1_4' title="bbox 628 2663 2924 2756">
    <p class='ocr_par' dir='ltr' id='par_1_4' title="bbox 628 2663 2924 2756">
     <span class='ocr_line' id='line_1_18' title="bbox 628 2663 2924 2756; baseline -0.001 -27"><span class='ocrx_word' id='word_1_164' title='bbox 628 2666 852 2729; x_wconf 78' lang='lat' dir='ltr'>Judaeis</span> <span class='ocrx_word' id='word_1_165' title='bbox 887 2684 1093 2729; x_wconf 84' lang='lat' dir='ltr'>narrat</span> <span class='ocrx_word' id='word_1_166' title='bbox 1117 2666 1414 2742; x_wconf 88' lang='lat' dir='ltr'>Dio‚LX.</span> <span class='ocrx_word' id='word_1_167' title='bbox 1457 2687 1593 2756; x_wconf 76' lang='lat' dir='ltr'>pag.</span> <span class='ocrx_word' id='word_1_168' title='bbox 1619 2673 1742 2741; x_wconf 88' lang='lat'>669</span> <span class='ocrx_word' id='word_1_169' title='bbox 1771 2713 1790 2743; x_wconf 94' lang='lat'>,</span> <span class='ocrx_word' id='word_1_170' title='bbox 1834 2687 1978 2730; x_wconf 87' lang='lat' dir='ltr'>curn</span> <span class='ocrx_word' id='word_1_171' title='bbox 2051 2666 2187 2728; x_wconf 82' lang='lat' dir='ltr'>litas</span> <span class='ocrx_word' id='word_1_172' title='bbox 2215 2686 2280 2725; x_wconf 71' lang='lat' dir='ltr'>ve</span> <span class='ocrx_word' id='word_1_173' title='bbox 2323 2685 2389 2724; x_wconf 85' lang='lat' dir='ltr'>ra</span> <span class='ocrx_word' id='word_1_174' title='bbox 2404 2663 2589 2747; x_wconf 84' lang='lat' dir='ltr'>gloria</span> <span class='ocrx_word' id='word_1_175' title='bbox 2627 2664 2699 2744; x_wconf 84' lang='lat' dir='ltr'>est</span> <span class='ocrx_word' id='word_1_176' title='bbox 2723 2665 2924 2746; x_wconf 72' lang='lat' dir='ltr'>nqslra.</span> 
     </span>
    </p>
   </div>
   <div class='ocr_carea' id='block_1_5' title="bbox 580 2736 1986 4713">
    <p class='ocr_par' dir='ltr' id='par_1_5' title="bbox 580 2736 1986 4713">
     <span class='ocr_line' id='line_1_19' title="bbox 630 2736 1979 2827; baseline 0.001 -20"><span class='ocrx_word' id='word_1_177' title='bbox 630 2736 708 2807; x_wconf 90' lang='lat' dir='ltr'>D.</span> <span class='ocrx_word' id='word_1_178' title='bbox 728 2747 912 2807; x_wconf 81' lang='lat' dir='ltr'>Lucae</span> <span class='ocrx_word' id='word_1_179' title='bbox 934 2746 1004 2808; x_wconf 72' lang='grc' dir='ltr'>ὅ(</span> <span class='ocrx_word' id='word_1_180' title='bbox 1029 2744 1316 2808; x_wconf 86' lang='lat' dir='ltr'>Suetonii</span> <span class='ocrx_word' id='word_1_181' title='bbox 1356 2763 1715 2808; x_wconf 71' lang='lat' dir='ltr'>narratione</span> <span class='ocrx_word' id='word_1_182' title='bbox 1755 2766 1979 2827; x_wconf 86' lang='lat' dir='ltr'>perpe-</span> 
     </span>
     <span class='ocr_line' id='line_1_20' title="bbox 631 2822 1977 2901; baseline -0.002 -14"><span class='ocrx_word' id='word_1_183' title='bbox 631 2842 762 2887; x_wconf 85' lang='lat' dir='ltr'>ram</span> <span class='ocrx_word' id='word_1_184' title='bbox 815 2822 1241 2887; x_wconf 86' lang='lat' dir='ltr'>confundunt.</span> <span class='ocrx_word' id='word_1_185' title='bbox 1277 2827 1538 2888; x_wconf 87' lang='lat' dir='ltr'>Novem</span> <span class='ocrx_word' id='word_1_186' title='bbox 1576 2822 1749 2886; x_wconf 87' lang='lat' dir='ltr'>enim</span> <span class='ocrx_word' id='word_1_187' title='bbox 1788 2823 1977 2901; x_wconf 89' lang='lat' dir='ltr'>anni,</span> 
     </span>
     <span class='ocr_line' id='line_1_21' title="bbox 633 2901 1982 2967; baseline 0 -3"><span class='ocrx_word' id='word_1_188' title='bbox 633 2902 795 2966; x_wconf 88' lang='lat' dir='ltr'>inter</span> <span class='ocrx_word' id='word_1_189' title='bbox 825 2901 1022 2966; x_wconf 84' lang='lat' dir='ltr'>vetita</span> <span class='ocrx_word' id='word_1_190' title='bbox 1056 2925 1092 2967; x_wconf 87' lang='lat' dir='ltr'>a</span> <span class='ocrx_word' id='word_1_191' title='bbox 1133 2903 1404 2967; x_wconf 87' lang='lat' dir='ltr'>Claudio</span> <span class='ocrx_word' id='word_1_192' title='bbox 1443 2903 1802 2966; x_wconf 79' lang='lat' dir='ltr'>Judaeorum</span> <span class='ocrx_word' id='word_1_193' title='bbox 1826 2923 1982 2966; x_wconf 89' lang='lat' dir='ltr'>con-</span> 
     </span>
     <span class='ocr_line' id='line_1_22' title="bbox 632 2980 1983 3070; baseline -0.001 -26"><span class='ocrx_word' id='word_1_194' title='bbox 632 2980 955 3070; x_wconf 77' lang='lat' dir='ltr'>venticula</span> <span class='ocrx_word' id='word_1_195' title='bbox 1015 3002 1364 3063; x_wconf 85' lang='lat' dir='ltr'>eorumque</span> <span class='ocrx_word' id='word_1_196' title='bbox 1415 2981 1852 3063; x_wconf 68' lang='lat' dir='ltr'>expulsionem</span> <span class='ocrx_word' id='word_1_197' title='bbox 1884 2981 1983 3044; x_wconf 89' lang='lat' dir='ltr'>in-</span> 
     </span>
     <span class='ocr_line' id='line_1_23' title="bbox 580 3060 894 3139; baseline -0.016 -13"><span class='ocrx_word' id='word_1_198' title='bbox 580 3063 588 3070; x_wconf 74' lang='grc'><em>’</em></span> <span class='ocrx_word' id='word_1_199' title='bbox 634 3060 894 3139; x_wconf 66' lang='grc' dir='ltr'>ῐετῇεεὶι.</span> 
     </span>
     <span class='ocr_line' id='line_1_24' title="bbox 717 3137 1982 3216; baseline -0.001 -15"><span class='ocrx_word' id='word_1_200' title='bbox 717 3151 735 3179; x_wconf 90' lang='lat'><em>¹</em></span> <span class='ocrx_word' id='word_1_201' title='bbox 779 3142 1175 3204; x_wconf 65' lang='lat' dir='ltr'>Exn-umus</span> <span class='ocrx_word' id='word_1_202' title='bbox 1204 3140 1665 3216; x_wconf 71' lang='lat' dir='ltr'>surssnsri‘rio]</span> <span class='ocrx_word' id='word_1_203' title='bbox 1704 3137 1868 3201; x_wconf 87' lang='lat' dir='ltr'>Proh</span> <span class='ocrx_word' id='word_1_204' title='bbox 1890 3138 1982 3200; x_wconf 89' lang='lat' dir='ltr'>su-</span> 
     </span>
     <span class='ocr_line' id='line_1_25' title="bbox 679 3215 1980 3299; baseline -0.002 -18"><span class='ocrx_word' id='word_1_205' title='bbox 679 3218 909 3283; x_wconf 85' lang='lat' dir='ltr'>erstitio</span> <span class='ocrx_word' id='word_1_206' title='bbox 949 3217 966 3281; x_wconf 73' lang='grc' dir='ltr'>ἔ</span> <span class='ocrx_word' id='word_1_207' title='bbox 1019 3219 1201 3282; x_wconf 85' lang='lat' dir='ltr'>Teste</span> <span class='ocrx_word' id='word_1_208' title='bbox 1252 3220 1425 3282; x_wconf 89' lang='lat' dir='ltr'>enim</span> <span class='ocrx_word' id='word_1_209' title='bbox 1476 3217 1611 3299; x_wconf 90' lang='lat' dir='ltr'>ipso</span> <span class='ocrx_word' id='word_1_210' title='bbox 1657 3218 1865 3282; x_wconf 90' lang='lat' dir='ltr'>Plinio</span> <span class='ocrx_word' id='word_1_211' title='bbox 1908 3215 1980 3278; x_wconf 84' lang='lat' dir='ltr'>X.</span> 
     </span>
     <span class='ocr_line' id='line_1_26' title="bbox 680 3295 1983 3378; baseline -0.004 -17"><span class='ocrx_word' id='word_1_212' title='bbox 680 3319 741 3378; x_wconf 90' lang='lat' dir='ltr'>p.</span> <span class='ocrx_word' id='word_1_213' title='bbox 769 3319 876 3377; x_wconf 88' lang='lat'>97.</span> <span class='ocrx_word' id='word_1_214' title='bbox 904 3299 1047 3360; x_wconf 80' lang='lat' dir='ltr'>Haec</span> <span class='ocrx_word' id='word_1_215' title='bbox 1073 3297 1194 3360; x_wconf 89' lang='lat' dir='ltr'>fuit</span> <span class='ocrx_word' id='word_1_216' title='bbox 1212 3297 1481 3375; x_wconf 88' lang='lat' dir='ltr'>summa,</span> <span class='ocrx_word' id='word_1_217' title='bbox 1529 3295 1616 3359; x_wconf 78' lang='lat' dir='ltr'>vel</span> <span class='ocrx_word' id='word_1_218' title='bbox 1635 3295 1808 3372; x_wconf 78' lang='lat' dir='ltr'>culpoe</span> <span class='ocrx_word' id='word_1_219' title='bbox 1829 3344 1849 3374; x_wconf 91' lang='lat'>,</span> <span class='ocrx_word' id='word_1_220' title='bbox 1895 3295 1983 3357; x_wconf 78' lang='lat' dir='ltr'>vel</span> 
     </span>
     <span class='ocr_line' id='line_1_27' title="bbox 630 3373 1980 3517; baseline 0 -81"><span class='ocrx_word' id='word_1_221' title='bbox 630 3377 833 3437; x_wconf 83' lang='lat' dir='ltr'>erroris</span> <span class='ocrx_word' id='word_1_222' title='bbox 862 3423 883 3452; x_wconf 94' lang='lat'>,</span> <span class='ocrx_word' id='word_1_223' title='bbox 933 3373 1072 3456; x_wconf 79' lang='lat' dir='ltr'>qudd</span> <span class='ocrx_word' id='word_1_224' title='bbox 1092 3376 1423 3439; x_wconf 88' lang='lat' dir='ltr'>Christiani</span> <span class='ocrx_word' id='word_1_225' title='bbox 1460 3378 1623 3459; x_wconf 67' lang='lat' dir='ltr'>efflent</span> <span class='ocrx_word' id='word_1_226' title='bbox 1649 3374 1980 3517; x_wconf 55' lang='lat' dir='ltr'>sblitigg-tlo</span> 
     </span>
     <span class='ocr_line' id='line_1_28' title="bbox 632 3452 1982 3536; baseline 0.001 -21"><span class='ocrx_word' id='word_1_227' title='bbox 632 3452 721 3516; x_wconf 79' lang='lat' dir='ltr'>die</span> <span class='ocrx_word' id='word_1_228' title='bbox 752 3473 882 3516; x_wconf 83' lang='lat' dir='ltr'>ante</span> <span class='ocrx_word' id='word_1_229' title='bbox 905 3454 1076 3515; x_wconf 82' lang='lat' dir='ltr'>lucem</span> <span class='ocrx_word' id='word_1_230' title='bbox 1100 3457 1391 3517; x_wconf 76' lang='lat' dir='ltr'>convenire</span> <span class='ocrx_word' id='word_1_231' title='bbox 1414 3481 1433 3514; x_wconf 88' lang='lat'>.-</span> <span class='ocrx_word' id='word_1_232' title='bbox 1463 3476 1786 3536; x_wconf 83' lang='lat' dir='ltr'>carmenque</span> <span class='ocrx_word' id='word_1_233' title='bbox 1943 3456 1982 3504; x_wconf 84' lang='lat'>&#39;-</span> 
     </span>
     <span class='ocr_line' id='line_1_29' title="bbox 617 3531 1982 3615; baseline 0.002 -23"><span class='ocrx_word' id='word_1_234' title='bbox 617 3531 739 3613; x_wconf 76' lang='lat' dir='ltr'>sto‚</span> <span class='ocrx_word' id='word_1_235' title='bbox 855 3532 1103 3614; x_wconf 79' lang='lat' dir='ltr'>stDeo,</span> <span class='ocrx_word' id='word_1_236' title='bbox 1145 3533 1326 3596; x_wconf 86' lang='lat' dir='ltr'>dicere</span> <span class='ocrx_word' id='word_1_237' title='bbox 1338 3537 1527 3615; x_wconf 71' lang='lat' dir='ltr'>ficum</span> <span class='ocrx_word' id='word_1_238' title='bbox 1557 3536 1797 3596; x_wconf 79' lang='lat' dir='ltr'>invicem</span> <span class='ocrx_word' id='word_1_239' title='bbox 1841 3561 1862 3594; x_wconf 93' lang='lat'>.·</span> <span class='ocrx_word' id='word_1_240' title='bbox 1884 3535 1982 3615; x_wconf 82' lang='lat' dir='ltr'>se-</span> 
     </span>
     <span class='ocr_line' id='line_1_30' title="bbox 667 3554 1983 3694; baseline 0.002 -24"><span class='ocrx_word' id='word_1_241' title='bbox 667 3632 734 3672; x_wconf 86' lang='lat' dir='ltr'>ue</span> <span class='ocrx_word' id='word_1_242' title='bbox 748 3554 1099 3693; x_wconf 50' lang='lat' dir='ltr'>AEamento</span> <span class='ocrx_word' id='word_1_243' title='bbox 1149 3634 1258 3674; x_wconf 83' lang='lat' dir='ltr'>non</span> <span class='ocrx_word' id='word_1_244' title='bbox 1308 3614 1367 3674; x_wconf 84' lang='lat'>1‘11</span> <span class='ocrx_word' id='word_1_245' title='bbox 1386 3612 1575 3694; x_wconf 72' lang='lat' dir='ltr'>ftelus</span> <span class='ocrx_word' id='word_1_246' title='bbox 1623 3611 1843 3693; x_wconf 80' lang='lat' dir='ltr'>aliquod</span> <span class='ocrx_word' id='word_1_247' title='bbox 1887 3613 1983 3674; x_wconf 87' lang='lat' dir='ltr'>ob-</span> 
     </span>
     <span class='ocr_line' id='line_1_31' title="bbox 583 3632 1983 3773; baseline 0.001 -21"><span class='ocrx_word' id='word_1_248' title='bbox 583 3632 762 3771; x_wconf 57' lang='lat' dir='ltr'>·fln&#39;n</span> <span class='ocrx_word' id='word_1_249' title='bbox 804 3713 935 3772; x_wconf 86' lang='lat' dir='ltr'>ere,</span> <span class='ocrx_word' id='word_1_250' title='bbox 953 3691 1059 3773; x_wconf 68' lang='lat' dir='ltr'>fid</span> <span class='ocrx_word' id='word_1_251' title='bbox 1089 3714 1160 3753; x_wconf 84' lang='lat' dir='ltr'>ne</span> <span class='ocrx_word' id='word_1_252' title='bbox 1183 3692 1386 3770; x_wconf 75' lang='lat' dir='ltr'>fiarta,</span> <span class='ocrx_word' id='word_1_253' title='bbox 1425 3712 1496 3752; x_wconf 87' lang='lat' dir='ltr'>ne</span> <span class='ocrx_word' id='word_1_254' title='bbox 1539 3691 1876 3770; x_wconf 77' lang='lat' dir='ltr'>latrocinia,</span> <span class='ocrx_word' id='word_1_255' title='bbox 1911 3713 1983 3754; x_wconf 84' lang='lat' dir='ltr'>ne</span> 
     </span>
     <span class='ocr_line' id='line_1_32' title="bbox 631 3768 1980 3851; baseline 0.001 -21"><span class='ocrx_word' id='word_1_256' title='bbox 631 3768 706 3830; x_wconf 83' lang='lat' dir='ltr'>ad</span> <span class='ocrx_word' id='word_1_257' title='bbox 786 3772 906 3833; x_wconf 84' lang='lat' dir='ltr'>eria</span> <span class='ocrx_word' id='word_1_258' title='bbox 935 3772 1332 3834; x_wconf 80' lang='lat' dir='ltr'>committerent</span> <span class='ocrx_word' id='word_1_259' title='bbox 1354 3819 1373 3849; x_wconf 94' lang='lat'>,</span> <span class='ocrx_word' id='word_1_260' title='bbox 1404 3791 1475 3831; x_wconf 86' lang='lat' dir='ltr'>ne</span> <span class='ocrx_word' id='word_1_261' title='bbox 1484 3768 1663 3851; x_wconf 85' lang='lat' dir='ltr'>fidem</span> <span class='ocrx_word' id='word_1_262' title='bbox 1673 3771 1945 3849; x_wconf 83' lang='lat' dir='ltr'>fallerent</span> <span class='ocrx_word' id='word_1_263' title='bbox 1961 3817 1980 3845; x_wconf 91' lang='lat'>‚</span> 
     </span>
     <span class='ocr_line' id='line_1_33' title="bbox 630 3848 1984 3933; baseline 0 -23"><span class='ocrx_word' id='word_1_264' title='bbox 630 3868 700 3910; x_wconf 80' lang='lat' dir='ltr'>ne</span> <span class='ocrx_word' id='word_1_265' title='bbox 729 3849 1018 3933; x_wconf 74' lang='lat' dir='ltr'>depqfitum</span> <span class='ocrx_word' id='word_1_266' title='bbox 1045 3850 1308 3929; x_wconf 73' lang='lat' dir='ltr'>appellati</span> <span class='ocrx_word' id='word_1_267' title='bbox 1349 3850 1490 3912; x_wconf 85' lang='lat' dir='ltr'>abne</span> <span class='ocrx_word' id='word_1_268' title='bbox 1532 3867 1696 3910; x_wconf 85' lang='lat' dir='ltr'>arent</span> <span class='ocrx_word' id='word_1_269' title='bbox 1733 3876 1753 3911; x_wconf 93' lang='lat'>.·</span> <span class='ocrx_word' id='word_1_270' title='bbox 1790 3848 1984 3930; x_wconf 80' lang='lat' dir='ltr'>quibus</span> 
     </span>
     <span class='ocr_line' id='line_1_34' title="bbox 626 3928 1984 4014; baseline 0 -25"><span class='ocrx_word' id='word_1_271' title='bbox 626 3931 865 4004; x_wconf 63' lang='lat' dir='ltr'>peraelis</span> <span class='ocrx_word' id='word_1_272' title='bbox 891 3979 910 4009; x_wconf 93' lang='lat'>,</span> <span class='ocrx_word' id='word_1_273' title='bbox 951 3952 1148 3994; x_wconf 85' lang='lat' dir='ltr'>morem</span> <span class='ocrx_word' id='word_1_274' title='bbox 1211 3932 1289 3995; x_wconf 65' lang='lat' dir='ltr'>ibi</span> <span class='ocrx_word' id='word_1_275' title='bbox 1323 3929 1464 4014; x_wconf 82' lang='lat' dir='ltr'>disce</span> <span class='ocrx_word' id='word_1_276' title='bbox 1504 3928 1819 4013; x_wconf 57' lang='lat' dir='ltr'>enclifuzffe</span> <span class='ocrx_word' id='word_1_277' title='bbox 1858 3950 1984 3989; x_wconf 84' lang='lat' dir='ltr'>rur-</span> 
     </span>
     <span class='ocr_line' id='line_1_35' title="bbox 615 4008 1986 4089; baseline -0.001 -20"><span class='ocrx_word' id='word_1_278' title='bbox 615 4008 806 4088; x_wconf 68' lang='lat' dir='ltr'>stasne</span> <span class='ocrx_word' id='word_1_279' title='bbox 849 4008 1079 4070; x_wconf 82' lang='lat' dir='ltr'>coeundi</span> <span class='ocrx_word' id='word_1_280' title='bbox 1137 4033 1167 4070; x_wconf 86' lang='grc' dir='ltr'><em>α</em></span> <span class='ocrx_word' id='word_1_281' title='bbox 1241 4009 1565 4089; x_wconf 83' lang='lat' dir='ltr'>capiendum</span> <span class='ocrx_word' id='word_1_282' title='bbox 1614 4009 1830 4086; x_wconf 84' lang='lat' dir='ltr'>cibum,</span> <span class='ocrx_word' id='word_1_283' title='bbox 1859 4029 1986 4085; x_wconf 83' lang='lat' dir='ltr'>pro-</span> 
     </span>
     <span class='ocr_line' id='line_1_36' title="bbox 630 4030 1983 4172; baseline 0.001 -26"><span class='ocrx_word' id='word_1_284' title='bbox 630 4030 886 4166; x_wconf 48' lang='lat' dir='ltr'>mzff&#39;tuum</span> <span class='ocrx_word' id='word_1_285' title='bbox 924 4105 1103 4148; x_wconf 82' lang='lat' dir='ltr'>tamen</span> <span class='ocrx_word' id='word_1_286' title='bbox 1141 4089 1202 4149; x_wconf 66' lang='lat' dir='ltr'>Cr</span> <span class='ocrx_word' id='word_1_287' title='bbox 1246 4092 1536 4154; x_wconf 79' lang='lat' dir='ltr'>innoxium</span> <span class='ocrx_word' id='word_1_288' title='bbox 1572 4110 1589 4152; x_wconf 72' lang='grc' dir='ltr'><strong><em>ε</em></strong></span> <span class='ocrx_word' id='word_1_289' title='bbox 1623 4089 1762 4172; x_wconf 84' lang='lat' dir='ltr'>quod</span> <span class='ocrx_word' id='word_1_290' title='bbox 1815 4089 1983 4168; x_wconf 69' lang='lat' dir='ltr'>ipficm</span> 
     </span>
     <span class='ocr_line' id='line_1_37' title="bbox 609 4157 1983 4250; baseline 0.004 -28"><span class='ocrx_word' id='word_1_291' title='bbox 609 4157 815 4240; x_wconf 56' lang='lat' dir='ltr'>,facere</span> <span class='ocrx_word' id='word_1_292' title='bbox 852 4163 1046 4244; x_wconf 64' lang='lat' dir='ltr'>defiffle</span> <span class='ocrx_word' id='word_1_293' title='bbox 1092 4167 1202 4245; x_wconf 82' lang='lat' dir='ltr'>post</span> <span class='ocrx_word' id='word_1_294' title='bbox 1248 4168 1476 4230; x_wconf 59' lang='lat' dir='ltr'>edibiam</span> <span class='ocrx_word' id='word_1_295' title='bbox 1513 4191 1685 4231; x_wconf 83' lang='lat' dir='ltr'>meum</span> <span class='ocrx_word' id='word_1_296' title='bbox 1712 4218 1733 4248; x_wconf 91' lang='lat'>,</span> <span class='ocrx_word' id='word_1_297' title='bbox 1777 4170 1983 4250; x_wconf 67' lang='lat' dir='ltr'>qque-</span> 
     </span>
     <span class='ocr_line' id='line_1_38' title="bbox 633 4239 1979 4326; baseline 0.005 -26"><span class='ocrx_word' id='word_1_298' title='bbox 633 4239 874 4300; x_wconf 57' lang='lat' dir='ltr'>cundum</span> <span class='ocrx_word' id='word_1_299' title='bbox 886 4240 1156 4302; x_wconf 73' lang='lat' dir='ltr'>mandata</span> <span class='ocrx_word' id='word_1_300' title='bbox 1169 4261 1262 4303; x_wconf 84' lang='lat' dir='ltr'>tua</span> <span class='ocrx_word' id='word_1_301' title='bbox 1282 4245 1546 4307; x_wconf 80' lang='lat' dir='ltr'>hetaerias</span> <span class='ocrx_word' id='word_1_302' title='bbox 1569 4249 1666 4326; x_wconf 67' lang='lat' dir='ltr'>este</span> <span class='ocrx_word' id='word_1_303' title='bbox 1680 4266 1979 4309; x_wconf 78' lang='lat' dir='ltr'>vetueram.</span> 
     </span>
     <span class='ocr_line' id='line_1_39' title="bbox 630 4318 1984 4400; baseline 0.004 -17"><span class='ocrx_word' id='word_1_304' title='bbox 630 4324 712 4383; x_wconf 86' lang='lat' dir='ltr'>Se</span> <span class='ocrx_word' id='word_1_305' title='bbox 734 4318 1117 4382; x_wconf 86' lang='lat' dir='ltr'>sacramento</span> <span class='ocrx_word' id='word_1_306' title='bbox 1145 4367 1164 4395; x_wconf 91' lang='lat'>,</span> <span class='ocrx_word' id='word_1_307' title='bbox 1198 4343 1331 4386; x_wconf 88' lang='lat' dir='ltr'>non</span> <span class='ocrx_word' id='word_1_308' title='bbox 1354 4324 1425 4384; x_wconf 90' lang='lat' dir='ltr'>in</span> <span class='ocrx_word' id='word_1_309' title='bbox 1448 4324 1641 4385; x_wconf 84' lang='lat' dir='ltr'>scelus</span> <span class='ocrx_word' id='word_1_310' title='bbox 1676 4372 1696 4400; x_wconf 92' lang='lat'>‚</span> <span class='ocrx_word' id='word_1_311' title='bbox 1753 4326 1858 4387; x_wconf 88' lang='lat' dir='ltr'>sed</span> <span class='ocrx_word' id='word_1_312' title='bbox 1914 4326 1984 4388; x_wconf 89' lang='lat' dir='ltr'>in</span> 
     </span>
     <span class='ocr_line' id='line_1_40' title="bbox 633 4398 1986 4481; baseline 0.004 -22"><span class='ocrx_word' id='word_1_313' title='bbox 633 4398 939 4461; x_wconf 88' lang='lat' dir='ltr'>virtutem</span> <span class='ocrx_word' id='word_1_314' title='bbox 972 4398 1352 4481; x_wconf 87' lang='lat' dir='ltr'>obstringere</span> <span class='ocrx_word' id='word_1_315' title='bbox 1385 4445 1406 4474; x_wconf 89' lang='lat'>‚</span> <span class='ocrx_word' id='word_1_316' title='bbox 1456 4398 1733 4463; x_wconf 83' lang='lat' dir='ltr'>haeccine</span> <span class='ocrx_word' id='word_1_317' title='bbox 1766 4402 1986 4465; x_wconf 84' lang='lat' dir='ltr'>exitia-</span> 
     </span>
     <span class='ocr_line' id='line_1_41' title="bbox 633 4475 1983 4558; baseline 0.002 -20"><span class='ocrx_word' id='word_1_318' title='bbox 633 4477 781 4540; x_wconf 88' lang='lat' dir='ltr'>bilis</span> <span class='ocrx_word' id='word_1_319' title='bbox 818 4476 1161 4558; x_wconf 89' lang='lat' dir='ltr'>superstitio</span> <span class='ocrx_word' id='word_1_320' title='bbox 1192 4480 1216 4540; x_wconf 77' lang='lat'>?</span> <span class='ocrx_word' id='word_1_321' title='bbox 1256 4477 1488 4539; x_wconf 78' lang='lat' dir='ltr'>Merito</span> <span class='ocrx_word' id='word_1_322' title='bbox 1524 4475 1712 4553; x_wconf 77' lang='lat' dir='ltr'>igitur</span> <span class='ocrx_word' id='word_1_323' title='bbox 1750 4478 1983 4555; x_wconf 86' lang='lat' dir='ltr'>gloria-</span> 
     </span>
     <span class='ocr_line' id='line_1_42' title="bbox 636 4553 1985 4635; baseline -0.003 -17"><span class='ocrx_word' id='word_1_324' title='bbox 636 4573 737 4619; x_wconf 80' lang='lat' dir='ltr'>tur</span> <span class='ocrx_word' id='word_1_325' title='bbox 762 4556 1191 4621; x_wconf 85' lang='lat' dir='ltr'>Tertullianus</span> <span class='ocrx_word' id='word_1_326' title='bbox 1220 4557 1303 4619; x_wconf 85' lang='lat' dir='ltr'>acl</span> <span class='ocrx_word' id='word_1_327' title='bbox 1321 4553 1648 4635; x_wconf 87' lang='lat' dir='ltr'>Scapulam</span> <span class='ocrx_word' id='word_1_328' title='bbox 1675 4596 1696 4625; x_wconf 89' lang='lat'>‚</span> <span class='ocrx_word' id='word_1_329' title='bbox 1727 4557 1836 4614; x_wconf 89' lang='lat' dir='ltr'>lv.</span> <span class='ocrx_word' id='word_1_330' title='bbox 1869 4553 1985 4614; x_wconf 86' lang='lat' dir='ltr'>Pro</span> 
     </span>
     <span class='ocr_line' id='line_1_43' title="bbox 635 4636 1246 4713; baseline 0.007 -20"><span class='ocrx_word' id='word_1_331' title='bbox 635 4637 803 4695; x_wconf 74' lang='lat' dir='ltr'>tantd</span> <span class='ocrx_word' id='word_1_332' title='bbox 858 4636 1180 4697; x_wconf 66' lang='lat' dir='ltr'>innocentia</span> <span class='ocrx_word' id='word_1_333' title='bbox 1225 4683 1246 4713; x_wconf 90' lang='lat'>,</span> 
     </span>
    </p>
   </div>
   <div class='ocr_carea' id='block_1_6' title="bbox 2053 2747 3419 4478">
    <p class='ocr_par' dir='ltr' id='par_1_6' title="bbox 2053 2747 3419 4251">
     <span class='ocr_line' id='line_1_44' title="bbox 2133 2747 3400 2816; baseline 0.002 -9"><span class='ocrx_word' id='word_1_334' title='bbox 2133 2750 2158 2778; x_wconf 86' lang='lat'><em>²</em></span> <span class='ocrx_word' id='word_1_335' title='bbox 2203 2747 2381 2807; x_wconf 85' lang='lat' dir='ltr'>Omo</span> <span class='ocrx_word' id='word_1_336' title='bbox 2444 2764 2696 2805; x_wconf 58' lang='lat' dir='ltr'>numam</span> <span class='ocrx_word' id='word_1_337' title='bbox 2753 2765 3016 2816; x_wconf 66' lang='lat' dir='ltr'>cananis</span> <span class='ocrx_word' id='word_1_338' title='bbox 3084 2767 3400 2811; x_wconf 72' lang='lat' dir='ltr'>couvxc&#39;ri</span> 
     </span>
     <span class='ocr_line' id='line_1_45' title="bbox 2054 2821 3404 2904; baseline 0.001 -19"><span class='ocrx_word' id='word_1_339' title='bbox 2054 2826 2266 2900; x_wconf 68' lang='lat' dir='ltr'>sunt]</span> <span class='ocrx_word' id='word_1_340' title='bbox 2323 2821 2595 2885; x_wconf 71' lang='lat' dir='ltr'>Primum</span> <span class='ocrx_word' id='word_1_341' title='bbox 2652 2824 2925 2901; x_wconf 88' lang='lat' dir='ltr'>correpti</span> <span class='ocrx_word' id='word_1_342' title='bbox 2977 2823 3157 2898; x_wconf 90' lang='lat' dir='ltr'>sunt,</span> <span class='ocrx_word' id='word_1_343' title='bbox 3204 2824 3404 2904; x_wconf 83' lang='lat' dir='ltr'>quise</span> 
     </span>
     <span class='ocr_line' id='line_1_46' title="bbox 2055 2897 3408 2973; baseline 0.001 -7"><span class='ocrx_word' id='word_1_344' title='bbox 2055 2901 2434 2966; x_wconf 88' lang='lat' dir='ltr'>Christianos</span> <span class='ocrx_word' id='word_1_345' title='bbox 2459 2901 2576 2964; x_wconf 80' lang='lat' dir='ltr'>effe</span> <span class='ocrx_word' id='word_1_346' title='bbox 2600 2897 2952 2963; x_wconf 84' lang='lat' dir='ltr'>fatebantur</span> <span class='ocrx_word' id='word_1_347' title='bbox 2975 2945 2994 2973; x_wconf 89' lang='lat'>,</span> <span class='ocrx_word' id='word_1_348' title='bbox 3024 2902 3255 2965; x_wconf 87' lang='lat' dir='ltr'>deinde</span> <span class='ocrx_word' id='word_1_349' title='bbox 3284 2923 3408 2967; x_wconf 89' lang='lat' dir='ltr'>eo-</span> 
     </span>
     <span class='ocr_line' id='line_1_47' title="bbox 2053 2978 3403 3060; baseline -0.001 -15"><span class='ocrx_word' id='word_1_350' title='bbox 2053 3001 2191 3044; x_wconf 89' lang='lat' dir='ltr'>rum</span> <span class='ocrx_word' id='word_1_351' title='bbox 2255 2979 2500 3042; x_wconf 88' lang='lat' dir='ltr'>indicio</span> <span class='ocrx_word' id='word_1_352' title='bbox 2564 2995 2740 3058; x_wconf 85' lang='lat' dir='ltr'>capta</span> <span class='ocrx_word' id='word_1_353' title='bbox 2785 2978 3129 3043; x_wconf 86' lang='lat' dir='ltr'>multitudo</span> <span class='ocrx_word' id='word_1_354' title='bbox 3181 2980 3403 3060; x_wconf 87' lang='lat' dir='ltr'>ingens</span> 
     </span>
     <span class='ocr_line' id='line_1_48' title="bbox 2056 3050 3419 3138; baseline -0.001 -13"><span class='ocrx_word' id='word_1_355' title='bbox 2056 3058 2585 3125; x_wconf 82' lang='lat' dir='ltr'>Christianorum:</span> <span class='ocrx_word' id='word_1_356' title='bbox 2610 3056 2950 3138; x_wconf 88' lang='lat' dir='ltr'>omnesque</span> <span class='ocrx_word' id='word_1_357' title='bbox 2980 3078 3115 3121; x_wconf 90' lang='lat' dir='ltr'>non</span> <span class='ocrx_word' id='word_1_358' title='bbox 3137 3050 3419 3123; x_wconf 64' lang='lat' dir='ltr'>crimine?</span> 
     </span>
     <span class='ocr_line' id='line_1_49' title="bbox 2055 3136 3402 3216; baseline -0.001 -14"><span class='ocrx_word' id='word_1_359' title='bbox 2055 3137 2336 3203; x_wconf 89' lang='lat' dir='ltr'>incendii</span> <span class='ocrx_word' id='word_1_360' title='bbox 2372 3186 2391 3214; x_wconf 90' lang='lat'>,</span> <span class='ocrx_word' id='word_1_361' title='bbox 2422 3139 2597 3216; x_wconf 87' lang='lat' dir='ltr'>cujus</span> <span class='ocrx_word' id='word_1_362' title='bbox 2630 3136 2936 3199; x_wconf 89' lang='lat' dir='ltr'>immunes</span> <span class='ocrx_word' id='word_1_363' title='bbox 2967 3180 2986 3208; x_wconf 90' lang='lat'>,</span> <span class='ocrx_word' id='word_1_364' title='bbox 3031 3137 3133 3199; x_wconf 88' lang='lat' dir='ltr'>sed</span> <span class='ocrx_word' id='word_1_365' title='bbox 3161 3139 3402 3216; x_wconf 68' lang='lat' dir='ltr'>proies-</span> 
     </span>
     <span class='ocr_line' id='line_1_50' title="bbox 2055 3215 3406 3306; baseline -0.001 -26"><span class='ocrx_word' id='word_1_366' title='bbox 2055 3218 2228 3282; x_wconf 86' lang='lat' dir='ltr'>fione</span> <span class='ocrx_word' id='word_1_367' title='bbox 2250 3216 2580 3299; x_wconf 86' lang='lat' dir='ltr'>religionis</span> <span class='ocrx_word' id='word_1_368' title='bbox 2602 3259 2621 3288; x_wconf 90' lang='lat'>,</span> <span class='ocrx_word' id='word_1_369' title='bbox 2649 3236 2782 3306; x_wconf 77' lang='lat' dir='ltr'>quae</span> <span class='ocrx_word' id='word_1_370' title='bbox 2810 3215 3033 3277; x_wconf 84' lang='lat' dir='ltr'>odiffet</span> <span class='ocrx_word' id='word_1_371' title='bbox 3066 3236 3259 3294; x_wconf 86' lang='lat' dir='ltr'>genus</span> <span class='ocrx_word' id='word_1_372' title='bbox 3289 3216 3406 3279; x_wconf 87' lang='lat' dir='ltr'>hu-</span> 
     </span>
     <span class='ocr_line' id='line_1_51' title="bbox 2054 3294 3403 3375; baseline 0.001 -16"><span class='ocrx_word' id='word_1_373' title='bbox 2054 3315 2348 3372; x_wconf 86' lang='lat' dir='ltr'>manum,</span> <span class='ocrx_word' id='word_1_374' title='bbox 2399 3295 2679 3360; x_wconf 65' lang='lat' dir='ltr'>convieh</span> <span class='ocrx_word' id='word_1_375' title='bbox 2723 3294 2900 3372; x_wconf 86' lang='lat' dir='ltr'>sunt;</span> <span class='ocrx_word' id='word_1_376' title='bbox 2942 3295 3029 3356; x_wconf 91' lang='lat' dir='ltr'>ob</span> <span class='ocrx_word' id='word_1_377' title='bbox 3072 3315 3145 3358; x_wconf 89' lang='lat' dir='ltr'>ea</span> <span class='ocrx_word' id='word_1_378' title='bbox 3167 3295 3403 3375; x_wconf 75' lang='lat' dir='ltr'>flagitia</span> 
     </span>
     <span class='ocr_line' id='line_1_52' title="bbox 2056 3372 3405 3440; baseline -0.001 -2"><span class='ocrx_word' id='word_1_379' title='bbox 2056 3374 2263 3440; x_wconf 85' lang='lat' dir='ltr'>invifi.</span> <span class='ocrx_word' id='word_1_380' title='bbox 2303 3374 2403 3439; x_wconf 89' lang='lat' dir='ltr'>Sic</span> <span class='ocrx_word' id='word_1_381' title='bbox 2423 3373 2699 3439; x_wconf 88' lang='lat' dir='ltr'>Romani</span> <span class='ocrx_word' id='word_1_382' title='bbox 2720 3372 3215 3436; x_wconf 81' lang='lat' dir='ltr'>criminabantur</span> <span class='ocrx_word' id='word_1_383' title='bbox 3247 3374 3405 3437; x_wconf 90' lang='lat' dir='ltr'>reli-</span> 
     </span>
     <span class='ocr_line' id='line_1_53' title="bbox 2055 3449 3407 3538; baseline -0.001 -20"><span class='ocrx_word' id='word_1_384' title='bbox 2055 3455 2317 3538; x_wconf 82' lang='lat' dir='ltr'>gionem</span> <span class='ocrx_word' id='word_1_385' title='bbox 2339 3502 2360 3532; x_wconf 92' lang='lat'><strong>,</strong></span> <span class='ocrx_word' id='word_1_386' title='bbox 2404 3455 2579 3533; x_wconf 84' lang='lat' dir='ltr'>cujus</span> <span class='ocrx_word' id='word_1_387' title='bbox 2617 3452 2875 3534; x_wconf 86' lang='lat' dir='ltr'>quidem</span> <span class='ocrx_word' id='word_1_388' title='bbox 2910 3449 3251 3531; x_wconf 79' lang='lat' dir='ltr'>singulare,</span> <span class='ocrx_word' id='word_1_389' title='bbox 3298 3454 3407 3517; x_wconf 84' lang='lat' dir='ltr'>sed</span> 
     </span>
     <span class='ocr_line' id='line_1_54' title="bbox 2057 3529 3408 3611; baseline -0.004 -13"><span class='ocrx_word' id='word_1_390' title='bbox 2057 3534 2348 3598; x_wconf 87' lang='lat' dir='ltr'>divinum</span> <span class='ocrx_word' id='word_1_391' title='bbox 2381 3535 2463 3597; x_wconf 86' lang='lat' dir='ltr'>est</span> <span class='ocrx_word' id='word_1_392' title='bbox 2502 3533 2759 3597; x_wconf 82' lang='lat' dir='ltr'>effatum</span> <span class='ocrx_word' id='word_1_393' title='bbox 2805 3553 2822 3594; x_wconf 75' lang='grc' dir='ltr'><strong><em>ε</em></strong></span> <span class='ocrx_word' id='word_1_394' title='bbox 2851 3529 2920 3591; x_wconf 84' lang='lat' dir='ltr'>Si</span> <span class='ocrx_word' id='word_1_395' title='bbox 2953 3532 3073 3611; x_wconf 81' lang='lat' dir='ltr'>quis</span> <span class='ocrx_word' id='word_1_396' title='bbox 3094 3533 3284 3592; x_wconf 81' lang='lat' dir='ltr'>veniat</span> <span class='ocrx_word' id='word_1_397' title='bbox 3329 3531 3408 3593; x_wconf 80' lang='lat' dir='ltr'>ad</span> 
     </span>
     <span class='ocr_line' id='line_1_55' title="bbox 2054 3608 3408 3691; baseline -0.002 -16"><span class='ocrx_word' id='word_1_398' title='bbox 2054 3635 2139 3675; x_wconf 87' lang='lat' dir='ltr'>me</span> <span class='ocrx_word' id='word_1_399' title='bbox 2160 3661 2181 3691; x_wconf 92' lang='lat'><strong>,</strong></span> <span class='ocrx_word' id='word_1_400' title='bbox 2225 3612 2288 3674; x_wconf 72' lang='grc' dir='ltr'>ὓ·</span> <span class='ocrx_word' id='word_1_401' title='bbox 2311 3632 2422 3672; x_wconf 84' lang='grc' dir='ltr'>ηοη</span> <span class='ocrx_word' id='word_1_402' title='bbox 2451 3611 2568 3674; x_wconf 81' lang='lat' dir='ltr'>odit</span> <span class='ocrx_word' id='word_1_403' title='bbox 2590 3629 2805 3685; x_wconf 81' lang='lat' dir='ltr'>patrem</span> <span class='ocrx_word' id='word_1_404' title='bbox 2816 3610 2980 3689; x_wconf 80' lang='lat' dir='ltr'>suum</span> <span class='ocrx_word' id='word_1_405' title='bbox 2999 3658 3018 3686; x_wconf 91' lang='lat'>,</span> <span class='ocrx_word' id='word_1_406' title='bbox 3047 3608 3108 3670; x_wconf 73' lang='lat'>&amp;-</span> <span class='ocrx_word' id='word_1_407' title='bbox 3130 3613 3358 3672; x_wconf 69' lang='lat' dir='ltr'>matrem</span> <span class='ocrx_word' id='word_1_408' title='bbox 3382 3655 3408 3688; x_wconf 84' lang='lat'><strong>,</strong></span> 
     </span>
     <span class='ocr_line' id='line_1_56' title="bbox 2062 3687 3408 3771; baseline -0.003 -16"><span class='ocrx_word' id='word_1_409' title='bbox 2062 3692 2123 3754; x_wconf 74' lang='lat'>&amp;-</span> <span class='ocrx_word' id='word_1_410' title='bbox 2164 3711 2429 3768; x_wconf 80' lang='lat' dir='ltr'>uxorem,</span> <span class='ocrx_word' id='word_1_411' title='bbox 2482 3689 2546 3751; x_wconf 70' lang='grc' dir='ltr'>ὓ·</span> <span class='ocrx_word' id='word_1_412' title='bbox 2581 3688 2781 3770; x_wconf 84' lang='lat' dir='ltr'>filios,</span> <span class='ocrx_word' id='word_1_413' title='bbox 2824 3687 2886 3751; x_wconf 69' lang='lat' dir='ltr'>G*</span> <span class='ocrx_word' id='word_1_414' title='bbox 2917 3688 3175 3766; x_wconf 76' lang='lat' dir='ltr'>fratres,</span> <span class='ocrx_word' id='word_1_415' title='bbox 3216 3688 3276 3752; x_wconf 67' lang='lat'>&amp;¹</span> <span class='ocrx_word' id='word_1_416' title='bbox 3298 3691 3408 3771; x_wconf 72' lang='lat' dir='ltr'>fi)-</span> 
     </span>
     <span class='ocr_line' id='line_1_57' title="bbox 2059 3765 3408 3849; baseline -0.003 -16"><span class='ocrx_word' id='word_1_417' title='bbox 2059 3791 2247 3849; x_wconf 84' lang='lat' dir='ltr'>rores,</span> <span class='ocrx_word' id='word_1_418' title='bbox 2277 3768 2456 3831; x_wconf 80' lang='lat' dir='ltr'>adhuc</span> <span class='ocrx_word' id='word_1_419' title='bbox 2493 3785 2675 3829; x_wconf 83' lang='lat' dir='ltr'>autem</span> <span class='ocrx_word' id='word_1_420' title='bbox 2702 3765 2764 3829; x_wconf 59' lang='lat' dir='ltr'>cv</span> <span class='ocrx_word' id='word_1_421' title='bbox 2802 3769 3218 3849; x_wconf 69' lang='lat' dir='ltr'>animamfizam</span> <span class='ocrx_word' id='word_1_422' title='bbox 3245 3817 3264 3845; x_wconf 91' lang='lat'>,</span> <span class='ocrx_word' id='word_1_423' title='bbox 3294 3789 3408 3829; x_wconf 76' lang='lat' dir='ltr'>nott</span> 
     </span>
     <span class='ocr_line' id='line_1_58' title="bbox 2053 3847 3409 3989; baseline -0.001 -76"><span class='ocrx_word' id='word_1_424' title='bbox 2053 3850 2220 3933; x_wconf 79' lang='lat' dir='ltr'>potest</span> <span class='ocrx_word' id='word_1_425' title='bbox 2266 3868 2419 3912; x_wconf 83' lang='lat' dir='ltr'>meus</span> <span class='ocrx_word' id='word_1_426' title='bbox 2452 3848 2550 3989; x_wconf 58' lang='grc' dir='ltr'>ςίζε</span> <span class='ocrx_word' id='word_1_427' title='bbox 2585 3847 2897 3927; x_wconf 69' lang='lat' dir='ltr'>dist-ipatus.</span> <span class='ocrx_word' id='word_1_428' title='bbox 2944 3850 3023 3913; x_wconf 94' lang='lat' dir='ltr'>D.</span> <span class='ocrx_word' id='word_1_429' title='bbox 3054 3851 3211 3913; x_wconf 90' lang='lat' dir='ltr'>Luc.</span> <span class='ocrx_word' id='word_1_430' title='bbox 3236 3851 3409 3926; x_wconf 86' lang='lat' dir='ltr'><strong>XIV,</strong></span> 
     </span>
     <span class='ocr_line' id='line_1_59' title="bbox 2059 3927 3410 3996; baseline -0.001 -2"><span class='ocrx_word' id='word_1_431' title='bbox 2059 3938 2163 3994; x_wconf 83' lang='lat'>26.</span> <span class='ocrx_word' id='word_1_432' title='bbox 2203 3934 2439 3996; x_wconf 74' lang='lat' dir='ltr'>Veriim</span> <span class='ocrx_word' id='word_1_433' title='bbox 2524 3946 2594 3991; x_wconf 82' lang='lat' dir='ltr'>ac</span> <span class='ocrx_word' id='word_1_434' title='bbox 2624 3927 2704 3990; x_wconf 90' lang='lat' dir='ltr'>de</span> <span class='ocrx_word' id='word_1_435' title='bbox 2750 3949 2817 3991; x_wconf 89' lang='lat' dir='ltr'>re</span> <span class='ocrx_word' id='word_1_436' title='bbox 2846 3928 2917 3992; x_wconf 70' lang='grc' dir='ltr'>ὃ(</span> <span class='ocrx_word' id='word_1_437' title='bbox 2947 3930 3024 3991; x_wconf 92' lang='lat' dir='ltr'>de</span> <span class='ocrx_word' id='word_1_438' title='bbox 3050 3927 3410 3993; x_wconf 85' lang='lat' dir='ltr'>Christianis</span> 
     </span>
     <span class='ocr_line' id='line_1_60' title="bbox 2058 4004 3414 4074; baseline -0.001 0"><span class='ocrx_word' id='word_1_439' title='bbox 2058 4031 2097 4074; x_wconf 87' lang='lat' dir='ltr'>a</span> <span class='ocrx_word' id='word_1_440' title='bbox 2132 4012 2394 4073; x_wconf 86' lang='lat' dir='ltr'>Nerone</span> <span class='ocrx_word' id='word_1_441' title='bbox 2447 4004 2791 4070; x_wconf 65' lang='lat' dir='ltr'>interfectis</span> <span class='ocrx_word' id='word_1_442' title='bbox 2838 4007 2987 4068; x_wconf 87' lang='lat' dir='ltr'>vide</span> <span class='ocrx_word' id='word_1_443' title='bbox 3074 4008 3414 4072; x_wconf 85' lang='lat' dir='ltr'>eculiarem</span> 
     </span>
     <span class='ocr_line' id='line_1_61' title="bbox 2060 4083 3415 4152; baseline -0.003 0"><span class='ocrx_word' id='word_1_444' title='bbox 2060 4087 2557 4152; x_wconf 83' lang='lat' dir='ltr'>differta-tionem</span> <span class='ocrx_word' id='word_1_445' title='bbox 2595 4085 2664 4147; x_wconf 89' lang='lat' dir='ltr'>in</span> <span class='ocrx_word' id='word_1_446' title='bbox 2691 4083 2881 4150; x_wconf 86' lang='lat' dir='ltr'>Notis</span> <span class='ocrx_word' id='word_1_447' title='bbox 2909 4086 2981 4149; x_wconf 86' lang='lat'>&amp;</span> <span class='ocrx_word' id='word_1_448' title='bbox 3055 4087 3415 4150; x_wconf 85' lang='lat' dir='ltr'>mendatio·</span> 
     </span>
     <span class='ocr_line' id='line_1_62' title="bbox 2059 4164 3408 4251; baseline -0.011 -19"><span class='ocrx_word' id='word_1_449' title='bbox 2059 4169 2246 4232; x_wconf 85' lang='lat' dir='ltr'>nibus</span> <span class='ocrx_word' id='word_1_450' title='bbox 2272 4168 2350 4231; x_wconf 90' lang='lat' dir='ltr'>ad</span> <span class='ocrx_word' id='word_1_451' title='bbox 2374 4164 2603 4229; x_wconf 84' lang='lat' dir='ltr'>Annal.</span> <span class='ocrx_word' id='word_1_452' title='bbox 2637 4166 2778 4241; x_wconf 87' lang='lat' dir='ltr'>XV,</span> <span class='ocrx_word' id='word_1_453' title='bbox 2802 4187 2906 4241; x_wconf 89' lang='lat'>44.</span> <span class='ocrx_word' id='word_1_454' title='bbox 3041 4238 3054 4251; x_wconf 31' lang='grc' dir='ltr'>ι</span> <span class='ocrx_word' id='word_1_455' title='bbox 3392 4235 3408 4248; x_wconf 34' lang='lat'><em>⁶</em></span> 
     </span>
    </p>

    <p class='ocr_par' dir='ltr' id='par_1_7' title="bbox 2059 4237 3418 4478">
     <span class='ocr_line' id='line_1_63' title="bbox 2142 4237 3415 4318; baseline -0.01 -8"><span class='ocrx_word' id='word_1_456' title='bbox 2142 4257 2161 4302; x_wconf 83' lang='lat'>3</span> <span class='ocrx_word' id='word_1_457' title='bbox 2208 4250 2480 4311; x_wconf 71' lang='lat' dir='ltr'>Honros</span> <span class='ocrx_word' id='word_1_458' title='bbox 2540 4244 2750 4318; x_wconf 82' lang='lat' dir='ltr'>suos]</span> <span class='ocrx_word' id='word_1_459' title='bbox 2797 4245 2871 4304; x_wconf 86' lang='lat' dir='ltr'>ln</span> <span class='ocrx_word' id='word_1_460' title='bbox 2914 4246 3249 4304; x_wconf 81' lang='lat' dir='ltr'>Vaticano.</span> <span class='ocrx_word' id='word_1_461' title='bbox 3314 4237 3415 4298; x_wconf 77' lang='lat' dir='ltr'>lbi</span> 
     </span>
     <span class='ocr_line' id='line_1_64' title="bbox 2060 4315 3415 4402; baseline -0.012 -12"><span class='ocrx_word' id='word_1_462' title='bbox 2060 4325 2560 4392; x_wconf 84' lang='lat' dir='ltr'>Christianorum</span> <span class='ocrx_word' id='word_1_463' title='bbox 2581 4319 2823 4400; x_wconf 84' lang='lat' dir='ltr'>sanguis</span> <span class='ocrx_word' id='word_1_464' title='bbox 2841 4317 3061 4383; x_wconf 84' lang='lat' dir='ltr'>effusus</span> <span class='ocrx_word' id='word_1_465' title='bbox 3085 4363 3105 4390; x_wconf 88' lang='lat'>‚</span> <span class='ocrx_word' id='word_1_466' title='bbox 3144 4315 3253 4378; x_wconf 91' lang='lat' dir='ltr'>ubi</span> <span class='ocrx_word' id='word_1_467' title='bbox 3275 4333 3415 4402; x_wconf 53' lang='lat' dir='ltr'>maj·</span> 
     </span>
     <span class='ocr_line' id='line_1_65' title="bbox 2059 4391 3418 4478; baseline -0.01 -11"><span class='ocrx_word' id='word_1_468' title='bbox 2059 4406 2264 4468; x_wconf 85' lang='lat' dir='ltr'>ximus</span> <span class='ocrx_word' id='word_1_469' title='bbox 2312 4400 2539 4466; x_wconf 86' lang='lat' dir='ltr'>effulfit</span> <span class='ocrx_word' id='word_1_470' title='bbox 2578 4397 2909 4478; x_wconf 85' lang='lat' dir='ltr'>adhucque</span> <span class='ocrx_word' id='word_1_471' title='bbox 2949 4393 3207 4473; x_wconf 83' lang='lat' dir='ltr'>effulget</span> <span class='ocrx_word' id='word_1_472' title='bbox 3241 4391 3418 4455; x_wconf 83' lang='lat' dir='ltr'>Chn-</span> 
     </span>
    </p>
   </div>
   <div class='ocr_carea' id='block_1_7' title="bbox 2059 4476 3423 4623">
    <p class='ocr_par' dir='ltr' id='par_1_8' title="bbox 2059 4476 3423 4623">
     <span class='ocr_line' id='line_1_66' title="bbox 2059 4476 2817 4554; baseline -0.012 -9"><span class='ocrx_word' id='word_1_473' title='bbox 2059 4484 2264 4545; x_wconf 81' lang='lat' dir='ltr'>stianae</span> <span class='ocrx_word' id='word_1_474' title='bbox 2297 4479 2452 4541; x_wconf 86' lang='lat' dir='ltr'>fidei</span> <span class='ocrx_word' id='word_1_475' title='bbox 2496 4476 2817 4554; x_wconf 80' lang='lat' dir='ltr'>splendor.</span> 
     </span>
     <span class='ocr_line' id='line_1_67' title="bbox 2137 4548 3423 4623; baseline -0.011 -1"><span class='ocrx_word' id='word_1_476' title='bbox 2137 4568 2171 4606; x_wconf 76' lang='lat'>4</span> <span class='ocrx_word' id='word_1_477' title='bbox 2211 4562 2667 4620; x_wconf 60' lang='lat' dir='ltr'>communis</span> <span class='ocrx_word' id='word_1_478' title='bbox 2706 4550 3044 4623; x_wconf 67' lang='lat' dir='ltr'>neumis]</span> <span class='ocrx_word' id='word_1_479' title='bbox 3077 4550 3160 4610; x_wconf 91' lang='lat' dir='ltr'>Ut</span> <span class='ocrx_word' id='word_1_480' title='bbox 3192 4548 3423 4617; x_wconf 77' lang='lat' dir='ltr'>domus</span> 
     </span>
    </p>
   </div>
   <div class='ocr_carea' id='block_1_8' title="bbox 1297 4627 3428 4711">
    <p class='ocr_par' dir='ltr' id='par_1_9' title="bbox 1297 4627 3428 4711">
     <span class='ocr_line' id='line_1_68' title="bbox 1297 4627 3428 4711; baseline -0.002 -17"><span class='ocrx_word' id='word_1_481' title='bbox 1297 4654 1396 4711; x_wconf 82' lang='lat' dir='ltr'>pro</span> <span class='ocrx_word' id='word_1_482' title='bbox 1447 4631 1610 4692; x_wconf 66' lang='lat' dir='ltr'>tanta</span> <span class='ocrx_word' id='word_1_483' title='bbox 1658 4628 1934 4705; x_wconf 79' lang='lat' dir='ltr'>probitate</span> <span class='ocrx_word' id='word_1_484' title='bbox 1966 4678 1987 4707; x_wconf 89' lang='lat'>‚</span> <span class='ocrx_word' id='word_1_485' title='bbox 2063 4654 2248 4695; x_wconf 84' lang='lat' dir='ltr'>aurea</span> <span class='ocrx_word' id='word_1_486' title='bbox 2272 4679 2292 4706; x_wconf 91' lang='lat'>‚</span> <span class='ocrx_word' id='word_1_487' title='bbox 2333 4629 2490 4693; x_wconf 86' lang='lat' dir='ltr'>urbs</span> <span class='ocrx_word' id='word_1_488' title='bbox 2523 4648 2603 4689; x_wconf 86' lang='lat' dir='ltr'>ue</span> <span class='ocrx_word' id='word_1_489' title='bbox 2629 4647 2808 4688; x_wconf 85' lang='lat' dir='ltr'>nova</span> <span class='ocrx_word' id='word_1_490' title='bbox 2829 4628 3253 4690; x_wconf 75' lang='lat' dir='ltr'>aedificaretur.</span> <span class='ocrx_word' id='word_1_491' title='bbox 3284 4627 3428 4690; x_wconf 80' lang='lat' dir='ltr'>Huc</span> 
     </span>
    </p>
   </div>
   <div class='ocr_carea' id='block_1_9' title="bbox 634 4703 3430 4802">
    <p class='ocr_par' dir='ltr' id='par_1_10' title="bbox 634 4703 3430 4802">
     <span class='ocr_line' id='line_1_69' title="bbox 634 4703 3430 4802; baseline -0.003 -29"><span class='ocrx_word' id='word_1_492' title='bbox 634 4713 977 4802; x_wconf 36' lang='lat' dir='ltr'>pro-justitia</span> <span class='ocrx_word' id='word_1_493' title='bbox 1010 4764 1028 4792; x_wconf 94' lang='lat'>,</span> <span class='ocrx_word' id='word_1_494' title='bbox 1061 4734 1157 4790; x_wconf 82' lang='lat' dir='ltr'>pro</span> <span class='ocrx_word' id='word_1_495' title='bbox 1187 4712 1461 4790; x_wconf 65' lang='lat' dir='ltr'>pudicitia</span> <span class='ocrx_word' id='word_1_496' title='bbox 1501 4756 1520 4785; x_wconf 90' lang='lat'><strong>,</strong></span> <span class='ocrx_word' id='word_1_497' title='bbox 1562 4728 1660 4785; x_wconf 78' lang='lat' dir='ltr'>pro</span> <span class='ocrx_word' id='word_1_498' title='bbox 1678 4705 1805 4788; x_wconf 86' lang='lat' dir='ltr'>fide</span> <span class='ocrx_word' id='word_1_499' title='bbox 1828 4753 1851 4782; x_wconf 90' lang='lat'>‚</span> <span class='ocrx_word' id='word_1_500' title='bbox 1891 4726 1990 4780; x_wconf 78' lang='lat' dir='ltr'>pro</span> <span class='ocrx_word' id='word_1_501' title='bbox 2066 4711 2101 4770; x_wconf 94' lang='lat' dir='ltr'>s</span> <span class='ocrx_word' id='word_1_502' title='bbox 2135 4714 2295 4771; x_wconf 62' lang='lat' dir='ltr'>cetat</span> <span class='ocrx_word' id='word_1_503' title='bbox 2340 4725 2473 4785; x_wconf 88' lang='lat' dir='ltr'>quo</span> <span class='ocrx_word' id='word_1_504' title='bbox 2568 4703 2763 4765; x_wconf 79' lang='lat' dir='ltr'>habet</span> <span class='ocrx_word' id='word_1_505' title='bbox 2790 4704 3132 4770; x_wconf 80' lang='lat' dir='ltr'>Suetonius</span> <span class='ocrx_word' id='word_1_506' title='bbox 3172 4703 3240 4764; x_wconf 91' lang='lat' dir='ltr'>in</span> <span class='ocrx_word' id='word_1_507' title='bbox 3274 4705 3430 4766; x_wconf 88' lang='lat' dir='ltr'>Ner.</span> 
     </span>
    </p>
   </div>
   <div class='ocr_carea' id='block_1_10' title="bbox 637 4782 1989 4870">
    <p class='ocr_par' dir='ltr' id='par_1_11' title="bbox 637 4782 1989 4870">
     <span class='ocr_line' id='line_1_70' title="bbox 637 4782 1989 4870; baseline -0.004 -21"><span class='ocrx_word' id='word_1_508' title='bbox 637 4809 906 4868; x_wconf 74' lang='lat' dir='ltr'>veritate,</span> <span class='ocrx_word' id='word_1_509' title='bbox 923 4815 1024 4870; x_wconf 79' lang='lat' dir='ltr'>pro</span> <span class='ocrx_word' id='word_1_510' title='bbox 1049 4792 1179 4855; x_wconf 87' lang='lat' dir='ltr'>Deo</span> <span class='ocrx_word' id='word_1_511' title='bbox 1198 4794 1323 4855; x_wconf 76' lang='lat' dir='ltr'>vivo</span> <span class='ocrx_word' id='word_1_512' title='bbox 1349 4808 1651 4852; x_wconf 82' lang='lat' dir='ltr'>cremamur</span> <span class='ocrx_word' id='word_1_513' title='bbox 1675 4807 1700 4860; x_wconf 91' lang='lat'><em>;</em></span> <span class='ocrx_word' id='word_1_514' title='bbox 1730 4782 1871 4866; x_wconf 84' lang='lat' dir='ltr'>quod</span> <span class='ocrx_word' id='word_1_515' title='bbox 1886 4804 1989 4844; x_wconf 84' lang='lat' dir='ltr'>nec</span> 
     </span>
    </p>
   </div>
   <div class='ocr_carea' id='block_1_11' title="bbox 2127 4777 3435 4865">
    <p class='ocr_par' dir='ltr' id='par_1_12' title="bbox 2127 4777 3435 4865">
     <span class='ocr_line' id='line_1_71' title="bbox 2127 4777 3435 4865; baseline -0.005 -20"><span class='ocrx_word' id='word_1_516' title='bbox 2127 4786 2346 4856; x_wconf 85' lang='lat' dir='ltr'>XXII,</span> <span class='ocrx_word' id='word_1_517' title='bbox 2379 4778 2544 4842; x_wconf 80' lang='lat' dir='ltr'>Nulli</span> <span class='ocrx_word' id='word_1_518' title='bbox 2590 4777 2709 4839; x_wconf 80' lang='lat' dir='ltr'>dele</span> <span class='ocrx_word' id='word_1_519' title='bbox 2756 4785 2877 4842; x_wconf 81' lang='lat' dir='ltr'>avit</span> <span class='ocrx_word' id='word_1_520' title='bbox 2906 4784 3139 4865; x_wconf 81' lang='lat' dir='ltr'>officium</span> <span class='ocrx_word' id='word_1_521' title='bbox 3160 4827 3180 4856; x_wconf 90' lang='lat'>,</span> <span class='ocrx_word' id='word_1_522' title='bbox 3226 4798 3285 4840; x_wconf 84' lang='lat' dir='ltr'>ut</span> <span class='ocrx_word' id='word_1_523' title='bbox 3321 4801 3435 4839; x_wconf 87' lang='lat' dir='ltr'>non</span> 
     </span>
    </p>
   </div>
   <div class='ocr_carea' id='block_1_12' title="bbox 621 4855 3441 4957">
    <p class='ocr_par' dir='ltr' id='par_1_13' title="bbox 621 4855 3441 4957">
     <span class='ocr_line' id='line_1_72' title="bbox 621 4855 3441 4957; baseline -0.004 -28"><span class='ocrx_word' id='word_1_524' title='bbox 621 4868 895 4955; x_wconf 73' lang='lat' dir='ltr'>Jitcrilegi</span> <span class='ocrx_word' id='word_1_525' title='bbox 914 4918 939 4954; x_wconf 83' lang='lat'><em>‚</em></span> <span class='ocrx_word' id='word_1_526' title='bbox 988 4892 1092 4936; x_wconf 84' lang='lat' dir='ltr'>nec</span> <span class='ocrx_word' id='word_1_527' title='bbox 1142 4872 1314 4957; x_wconf 74' lang='lat' dir='ltr'>hqsles</span> <span class='ocrx_word' id='word_1_528' title='bbox 1347 4867 1618 4954; x_wconf 71' lang='lat' dir='ltr'>publici,</span> <span class='ocrx_word' id='word_1_529' title='bbox 1654 4884 1847 4932; x_wconf 74' lang='lat' dir='ltr'>verum</span> <span class='ocrx_word' id='word_1_530' title='bbox 1886 4883 1992 4928; x_wconf 83' lang='lat' dir='ltr'>nec</span> <span class='ocrx_word' id='word_1_531' title='bbox 2067 4862 2339 4945; x_wconf 68' lang='lat' dir='ltr'>adficeret</span> <span class='ocrx_word' id='word_1_532' title='bbox 2387 4883 2409 4921; x_wconf 95' lang='lat'>.·</span> <span class='ocrx_word' id='word_1_533' title='bbox 2437 4857 2560 4941; x_wconf 76' lang='lat' dir='ltr'>scis</span> <span class='ocrx_word' id='word_1_534' title='bbox 2609 4859 2700 4939; x_wconf 80' lang='lat' dir='ltr'>qui</span> <span class='ocrx_word' id='word_1_535' title='bbox 2798 4862 2935 4928; x_wconf 71' lang='lat' dir='ltr'>mihi</span> <span class='ocrx_word' id='word_1_536' title='bbox 2987 4880 3119 4943; x_wconf 76' lang='lat' dir='ltr'>opus</span> <span class='ocrx_word' id='word_1_537' title='bbox 3135 4858 3217 4942; x_wconf 79' lang='lat' dir='ltr'>fit</span> <span class='ocrx_word' id='word_1_538' title='bbox 3265 4882 3285 4920; x_wconf 79' lang='lat'>.-</span> <span class='ocrx_word' id='word_1_539' title='bbox 3322 4855 3385 4920; x_wconf 70' lang='grc' dir='ltr'>ὓ·</span> <span class='ocrx_word' id='word_1_540' title='bbox 3416 4903 3441 4938; x_wconf 82' lang='grc'><strong><em>,</em></strong></span> 
     </span>
    </p>
   </div>
  </div>
 </body>
</html>
