4975 6149
957 459 1125 545 AD
1169 459 1625 548 LIBRUM
1674 460 1915 546 XIII.
1946 458 2233 550 ANN.
2271 462 2370 549 C.
2423 463 2787 551 CORN.
2823 460 3182 550 TACIT
3183 465 3250 550 Ι.
3319 482 3426 570 43
3452 493 3495 573 ς

699 613 863 691 bras
894 616 986 714 65
1000 618 1258 713 ,3625
1271 639 1398 689 00.
1444 613 1603 689 Koi'r'
1639 618 1901 690 ἓνιαιυτόν
1938 622 2028 708 ‘ri-'i‘
2054 629 2161 699 τῗὸς
2193 616 2592 720 Κλιοποίτροις
2623 621 2815 717 πατρὶ
2846 623 2936 711 τᾷ
2970 626 3230 716 Αὐλκτξῗ
3254 632 3502 721 προσφί-

698 731 888 819 ριιθω
924 724 1086 817 φόρον
1110 714 1436 791 ταλάντων
1463 724 1687 819 μυρίων
1725 716 1825 817 τις),
1877 725 2164 832 &zosim
2193 727 2615 794 πινταικοσίων.
2664 717 2898 792 Addit
2940 716 3138 793 idem
3182 720 3442 794 Strabo
3471 773 3499 809 ,

680 817 755 914 st
790 838 979 888 tanta
1007 819 1421 911 fhlverentur
1455 822 1638 913 regi,
1688 824 1798 914 qui
1837 819 2090 912 pefflme
2126 820 2201 891 θ’
2222 820 2293 915 ]ὲ
2343 819 2583 914 ntffi’me
2625 844 2893 918 regnum
2953 819 3445 916 administrabat
3469 873 3497 910 ,

702 916 859 1016 quid
906 916 1273 1012 censendum
1303 939 1489 1011 putes
1530 917 1606 990 de
1638 915 2056 1011 praesentibus
2106 848 2451 1004 redingus,
2502 924 2611 1018 qui
2654 919 2842 991 tanta
2889 918 3232 1019 diligentia
3277 947 3320 991 a
3360 914 3496 992 Ro-

703 1019 918 1088 manis
955 1015 1497 1113 administrantur
1524 1066 1548 1100 ,
1591 1014 1850 1088 additis'
1877 1021 2075 1087 etiam
2127 1017 2366 1090 Indicis
2414 1020 2491 1090 &r
2537 1019 3002 1117 Troglodyticis
3050 1024 3496 1092 commerciis?

703 1116 1036 1210 Superiore
1078 1121 1247 1188 enirn
1286 1138 1606 1213 tempore,
1653 1140 1728 1186 ne
1769 1119 2012 1213 viginti
2081 1117 2333 1214 quidem
2399 1121 2674 1216 navigia
2742 1124 2810 1188 in
2873 1119 3224 1190 Arabicum
3269 1118 3496 1217 finum

707 1213 978 1312 tranfire
1010 1216 1352 1291 audebant.
1386 1220 1582 1291 Nunc
1613 1219 1918 1288 maximoe
1946 1218 2148 1311 claffls
2182 1218 2367 1315 usque
2397 1221 2469 1289 in
2499 1219 2758 1289 Indiam
2794 1218 2868 1290 θ’
2902 1242 3191 1291 extrema
3222 1222 3499 1292 AEthio-

696 1321 830 1410 piae
865 1315 1415 1412 transmittuntur.
1471 1316 1632 1388 Inde
1668 1314 2120 1413 pretiqliffimae
2155 1342 2382 1390 merces
2423 1320 2492 1387 in
2529 1320 2891 1417 AEgyptum
2924 1319 3328 1391 advehuntur
3354 1345 3496 1411 ,fac

711 1417 962 1511 rurficrn
1001 1443 1084 1488 ex
1123 1419 1414 1515 AEgypto
1459 1422 1530 1488 in
1576 1417 1714 1487 alia
1760 1418 1899 1488 ioca
1946 1417 2479 1514 circumferuntur
2503 1441 2535 1502 3
2570 1417 2906 1516 postquam
2949 1418 3234 1512 duplicia
3267 1420 3496 1515 sbluta

693 1515 954 1612 fuerint
986 1517 1391 1612 veh't‘igalia:
1435 1539 1632 1587 unum
1668 1516 1810 1587 cnm
1856 1541 2084 1588 merces
2125 1522 2602 1612 importantur,
2645 1520 2920 1589 alterum
2969 1520 3111 1589 cnm
3148 1543 3493 1615 exportan-

708 1638 844 1689 tur.
892 1626 1002 1694 Ω.“ς
1047 1614 1132 1687 τοὶ
1171 1627 1315 1692 τέλη
1361 1614 1674 1691 dicandam
1711 1613 2091 1709 συνάγεσθαι,
2130 1616 2218 1690 ταὶ
2249 1618 2363 1712 pegi)
2398 1615 2779 1707 effraym-ymo?
2801 1671 2824 1701 ,
2861 1618 2948 1690 τοὶ
2984 1626 3048 1690 θὲ
3096 1616 3490 1708 ἔξαγωγικαί.

819 1718 1183 1788 Hactenus
1223 1715 1484 1789 Strabo
1512 1771 1533 1805 ‚
1581 1714 1701 1787 cui
1747 1714 1796 1787 si
1836 1713 2155 1789 Plinium
2198 1715 2564 1789 addideris
2592 1771 2612 1804 ,
2670 1716 2921 1798 mutua
2976 1713 3142 1791 luce
3180 1714 3495 1790 illustra-

708 1811 1023 1888 buntur:
1072 1836 1564 1916 quantumque
1611 1813 1882 1889 reditfis
1926 1815 2087 1889 haec
2131 1814 2455 1916 duplicia
2514 1814 3125 1889 commerciorum
3171 1815 3493 1917 vectiga-

709 1911 813 1986 lia
851 1909 1269 1988 conferrent
1313 1912 2022 2015 intelliges.'Plinius
2065 1915 2263 1991 enim
2303 1916 2411 1992 VI
2437 1971 2458 2005 ,
2512 1937 2605 2009 23
2643 1970 2664 2004 ‚
2713 1914 2881 1988 cum
2924 1936 3166 1989 totum
3203 1915 3495 2027 naviga-

711 2012 939 2087 tionis
984 2013 1266 2088 cursum
1295 2014 1386 2088 ab
1435 2014 1765 2118 AEgypto
1808 2014 1888 2088 in
1919 2014 2206 2090 Indiam
2250 2013 2673 2117 diligentins
2705 2014 3137 2116 exposuisset
3165 2070 3186 2103 ‚
3233 2015 3436 2088 addit
3473 2038 3497 2088 ε

713 2117 945 2209 Digna
982 2142 1077 2187 res
1121 2117 1300 2188 nullo
1346 2138 1512 2189 anno
1546 2122 1798 2210 imperii
1848 2115 2048 2213 nostri
2088 2123 2295 2189 minus
2326 2118 2456 2190 HS
2481 2120 2880 2215 quingenties
2910 2173 2933 2209 ,
2986 2114 3292 2190 Gallicae
3329 2138 3498 2189 mo-

714 2233 905 2286 netae
972 2212 1192 2285 libras
1243 2236 1696 2315 9,727,512,
1764 2221 2179 2288 exhauriente
2236 2217 2427 2287 Indici
2454 2274 2471 2300 ,
2516 2218 2592 2288 Cr
2637 2237 2866 2288 merces
2909 2221 3312 2303 remittente,
3359 2230 3499 2313 quae‘

712 2313 887 2406 apud
925 2337 1036 2382 nos
1074 2314 1494 2404 centuplicato
1521 2366 1542 2399 ,
1596 2310 1904 2383 Gallicae
1948 2330 2269 2384 monetae
2335 2311 2539 2382 libris
2586 2332 2923 2407 972‚751
2938 2337 3011 2400 ,2
3020 2334 3150 2407 50,
3193 2336 3493 2389 veneunt.

805 2408 880 2483 Si
918 2434 1007 2483 ex
1048 2408 1503 2485 commerciis
1543 2404 2105 2511 Troglodyticis
2143 2415 2212 2483 δε
2247 2409 2696 2508 AEthiopicis
2730 2409 2928 2485 idem
2956 2432 3110 2486 erat
3166 2411 3439 2485 reditus
3465 2465 3494 2502 ,

712 2527 796 2582 ut
831 2508 1198 2607 conjicere
1243 2508 1420 2584 licet
1444 2564 1465 2600 ,
1516 2509 1687 2584 cum
1728 2512 1868 2583 hac
1899 2508 2375 2611 navigatione
2467 2510 2994 2584 ercelebratum
3029 2507 3319 2609 Ophir,
3361 2511 3501 2585 ho-

718 2606 839 2683 die
883 2609 1117 2703 Sofala
1146 2668 1164 2695 ,
1212 2630 1581 2709 peteretur
1607 2666 1628 2700 ,
1677 2609 1850 2685 inde
1903 2635 1997 2684 ue
2042 2635 2333 2697 aurum,
2389 2535 2743 2712 sinaragdi
2770 2666 2791 2700 ‚
2843 2609 3114 2685 odores
3140 2665 3160 2698 ‚
3209 2607 3501 2711 aliaque

716 2706 795 2781 id
826 2707 1044 2808 pretii
1087 2705 1510 2782 afferrentur
1542 2762 1561 2792 ‚
1593 2711 1885 2809 gemina
1937 2730 2155 2784 untur
2193 2708 2519 2808 duplicia
2555 2711 2713 2784 haec
2750 2708 3153 2810 veffigalia.
3199 2710 3314 2782 Ac
3364 2734 3505 2784 nea

718 2831 845 2882 mo
873 2864 894 2898 ‚
948 2818 1031 2880 et
1069 2805 1344 2905 opinor
1369 2862 1390 2895 ,
1441 2806 1864 2881 diffitebitur
1919 2810 2299 2881 Romanos
2340 2833 2429 2880 ex
2468 2810 2616 2882 unii
2658 2810 2990 2909 AEgypto
3020 2862 3041 2895 ,
3089 2806 3211 2880 seu
3264 2809 3502 2883 tribu-

721 2908 812 2981 tis
837 2964 858 2997 ,
915 2907 1040 2981 seu
1099 2904 1570 3008 vectigalibus
1607 2960 1629 2996 ,
1699 2905 2098 3006 percepiffe
2161 2903 2471 2979 Gallicae
2539 2927 2855 2980 monetae
2916 2905 3141 2980 libras
3208 2907 3500 2985 circiter

730 3030 1286 3097 100‚000,000.
2046 3027 2059 3041 ·

835 3110 991 3203 Qui
1038 3132 1129 3183 ex
1166 3105 1427 3183 ceteris
1464 3104 1871 3205 provinciis
1917 3103 2190 3181 reditus
2237 3103 2719 3194 obvenirent,
2748 3128 2904 3178 non
2941 3101 3336 3217 prodidere
3365 3128 3501 3181 ve-

723 3228 911 3283 teres
957 3208 1389 3309 scriptores3
1416 3228 1541 3280 aut
1587 3206 1838 3308 potius
1863 3207 2279 3309 ignoramus
2306 3261 2326 3295 ‚
2361 3205 2564 3308 quod
2598 3227 2686 3279 ea
2717 3202 3172 3278 historiarum
3208 3205 3331 3303 Ap
3389 3205 3498 3278 ia-

723 3308 803 3381 ni
840 3333 1002 3408 pars
1048 3308 1390 3409 perierit,
1435 3307 1581 3409 qua
1613 3306 1691 3381 id
1716 3328 1869 3383 erat
1907 3306 2415 3408 prosequutus.
2456 3303 2835 3379 Utendum
2860 3329 3038 3406 ergo
3066 3231 3498 3377 universali-

726 3408 857 3484 bus
892 3409 1156 3510 regulis
1179 3465 1201 3498 ,
1232 3407 1492 3511 quibus
1521 3428 1675 3482 tum
1702 3428 2068 3497 veterum,
2101 3428 2259 3482 tum
2286 3405 2780 3482 recentiorum
2803 3404 3278 3506 imperiorum
3311 3425 3497 3503 opes

726 3508 1101 3583 certissime
1130 3515 1199 3583 δε
1252 3508 1773 3610 expeditissime
1833 3508 2399 3610 cognoscuntur.
2450 3505 2552 3580 Iis
2608 3504 2803 3580 enim
2856 3503 3216 3608 cognitiS‚
3274 3503 3495 3580 facile

729 3608 868 3681 erit
902 3607 1170 3681 tributa
1203 3632 1289 3681 ac
1316 3609 1698 3710 vectigalia
1729 3603 2098 3685 aestimare.

826 3706 1061 3783 Porro
1100 3707 1177 3779 in
1223 3706 1502 3807 magnis
1544 3708 1871 3810 imperiis
1896 3765 1919 3799 ,
1962 3708 2013 3781 fi
2060 3731 2334 3783 annuas
2375 3731 2631 3785 eorum
2676 3703 3083 3779 incolarum
3147 3704 3499 3803 expensas

726 3807 1063 3883 univers'e
1115 3807 1618 3907 supputaveris
1645 3864 1665 3897 ‚
1702 3834 1819 3883 eas
1844 3836 1980 3910 pro
2031 3809 2322 3911 singulis
2357 3833 2642 3910 aequare
2692 3803 3000 3880 Gallicae
3043 3823 3359 3878 monetae
3407 3804 3496 3876 li-

727 3909 890 3983 bras
947 3932 1095 3983 120
1128 3930 1296 3982 com
1356 3907 1559 3982 eries.
1606 3905 1745 3983 Per
1781 3909 1919 3984 hos
1975 3934 2155 4011 ergo
2187 3908 2576 3998 numeros,
2628 3903 3036 4006 multiplica
3088 3902 3500 3978 incolarum

731 4031 1131 4082 numerum.
1178 4008 1269 4084 In
1324 4032 1366 4082 e
1402 4006 1786 4111 exsurgens
1822 4033 2161 4085 numerus
2196 4007 2717 4085 demonstrabit
2764 4027 3033 4080 annuas
3090 4002 3496 4079 incolarum

734 4107 1125 4205 expensas,
1173 4132 1258 4182 ac
1292 4108 1604 4208 proinde
1661 4135 1943 4186 annuos
1977 4109 2267 4212 imperii
2315 4110 2607 4186 redituss
2647 4106 2817 4181 Alia
2861 4103 2960 4180 est
2993 4105 3283 4207 regula,
3336 4117 3513 4205 quae‘

737 4205 1005 4281 codem
1036 4206 1261 4281 ferme
1287 4208 1572 4284 recidit.
1612 4208 1912 4312 Imperii
1947 4209 2227 4286 incolas
2256 4236 2579 4286 numera.
2624 4208 2813 4283 Cum
2844 4227 3006 4305 pars
3032 4227 3177 4279 una
3205 4203 3496 4313 alterius

733 4304 1127 4405 impendiis
1167 4302 1415 4389 vivat,
1470 4308 1852 4385 dimidium
1886 4311 2296 4386 incolarum
2340 4333 2719 4386 numerum
2765 4306 3041 4404 accipe.
3088 4300 3501 4376 Dimidium

735 4407 936 4479 hunc
984 4428 1360 4477 numerum
1392 4406 1467 4477 in
1492 4428 1634 4481 tres
1714 4434 1898 4487 artes
1927 4412 2177 4487 divide
2206 4468 2227 4499 ‚
2278 4437 2581 4515 quarum
2613 4410 2773 4483 duae
2822 4423 3033 4478 erunt
3061 4399 3442 4474 hominum
3472 4451 3497 4487 ‚

738 4507 865 4610 qui
923 4502 1203 4605 vulgari
1237 4527 1621 4604 operarum
1721 4509 1883 4605 ipe,
1928 4512 2050 4584 seu
2079 4512 2388 4586 Gallicae
2438 4531 2756 4587 monetae
2804 4503 3058 4578 assibus
3119 4521 3211 4574 ro
3241 4551 3262 4587 ,
3295 4497 3501 4572 vicii-

740 4628 939 4695 tent,
990 4604 1205 4679 tertia
1261 4627 1519 4679 eorum
1615 4606 1693 4678 ui
1746 4607 1976 4708 duplo
2026 4609 2258 4682 carius
2312 4611 2590 4701 tivant.
2651 4605 2873 4682 Hanc
2929 4599 3317 4698 expensam
3366 4622 3502 4698 per

742 4704 1097 4780 annidies
1128 4704 1556 4818 multiplica.
1638 4731 1875 4783 umma
1903 4704 2041 4782 erit
2087 4731 2328 4782 annua
2364 4709 2773 4782 incolarum
2820 4699 3177 4802 expensa,
3226 4721 3505 4773 annuus

743 4829 1039 4908 quoque
1092 4805 1377 4904 imperii
1418 4806 1709 4882 reditus.

839 4901 1062 4980 Nunc
1118 4908 1295 4983 vero
1349 4906 1733 5012 imperium
1799 4905 2253 4995 Romanum,
2321 4905 2531 5010 quod
2593 4904 2691 4984 ab
2752 4903 3071 4980 extremi
3146 4894 3511 4976 Lusitania

2902 5037 3128 5153 Iiiij
