4975 6149
989 464 1159 556 AD
1211 469 1667 557 LIBRUM
1702 468 1938 557 XVI.
1967 465 2253 557 ANN.
2307 471 2404 556 C.
2458 471 2821 559 CORN.
2851 471 3273 566 TACITI.
3347 507 3389 585 5
3423 512 3523 584 ¹9

731 624 1212 704 calidioribus
1253 625 1582 704 Orientis
1609 683 1633 717 ,
1684 625 2104 728 Hispaniae,
2142 623 2372 700 Italiae
2398 681 2421 716 ‚
2473 627 2779 729 AEgypti
2830 628 3128 705 urbibus
3159 631 3520 725 saevierit,
3646 681 3651 686 -

707 728 1043 829 ‚duplum
1128 727 1265 802 erit
1307 786 1328 818 ,
1364 737 1446 830 ἐξ,
1481 750 1607 802 aut
1633 728 1854 804 etiam
1879 727 2252 829 aliquanto
2297 724 2482 827 plus.
2518 729 2608 807 In
2638 728 2778 803 hac
2817 755 2994 832 ergo
3041 730 3236 829 peste
3258 789 3276 822 ‚
3313 761 3468 837 quae
3493 791 3518 826 ,

731 829 1026 929 optimo
1131 829 1410 930 rincipe
1460 829 1645 903 Tito
1669 885 1690 919 ,
1719 828 2187 931 deflagravit,
2236 826 2286 899 fi
2320 826 2636 927 periisset
2657 850 2935 903 tantum
2965 831 3220 932 quinta
3249 833 3522 909 incola-

728 953 892 1007 rum
909 928 1132 1002 Urbis
1156 953 1317 1028 pars
1338 986 1360 1019 ,
1394 937 1476 1024 -ξ-,
1501 927 1998 1003 occubuissent
2022 925 2360 1003 homines
2388 928 2679 1003 circiter
2701 955 2746 1005 2
2764 958 2794 1027 3
2813 932 3075 1020 6,ooo;
3101 931 3146 1004 s1
3174 933 3515 1032 perierit,

727 1027 839 1100 uti
905 1029 1340 1132 contingere
1400 1029 1699 1127 solitum
1756 1027 1893 1118 est,
1961 1027 2185 1102 altera
2226 1050 2386 1126 pars
2443 1029 2736 1129 quinta,
2765 1033 2847 1133 «ξ,
2900 1030 3314 1107 occubuere
3364 1035 3514 1109 ho-

713 1127 963 1203 mines
1020 1152 1398 1229 472,ooo.
1449 1129 1539 1205 In
1590 1129 1794 1204 tanta
1841 1127 2069 1231 strage
2110 1153 2268 1203 non
2295 1126 2559 1201 mirum
2618 1127 2809 1225 fiper
2839 1136 3076 1206 multos
3109 1132 3299 1223 dies,
3331 1134 3513 1210 teste

708 1228 1048 1400 Eusebio
1071 1286 1095 1320 ,
1142 1237 1211 1304 in
1243 1231 1694 1328 ephemeridem
1728 1231 1933 1304 decem
1962 1231 2179 1303 millia
2212 1228 2424 1326 ferme
2472 1253 2870 1305 mortuorum
2899 1235 3224 1307 hominum
3282 1234 3511 1312 relata

778 1348 883 1406 nt.

832 1429 957 1503 De
1014 1430 1250 1531 peste,
1313 1457 1521 1534 quae,
1573 1432 1758 1507 Tito
1800 1429 2139 1533 Principe
2166 1486 2186 1520 ,
2228 1428 2496 1518 saeviit,
2539 1430 2663 1505 hic
2702 1431 3033 1523 disserui,
3086 1454 3241 1509 turn
3346 1434 3500 1510 uod

720 1552 875 1601 non
914 1529 1016 1603 ita
1044 1533 1518 1607 commodum
1542 1532 1777 1607 fuisset
1802 1532 1878 1606 id
1907 1532 2061 1607 fuse
2083 1531 2418 1633 persequi
2454 1530 2638 1606 infra
2671 1532 2747 1606 in
2783 1534 3225 1632 Appendice
3248 1534 3320 1608 C
3379 1561 3503 1610 ro-

711 1629 1109 1731 nologicfr,
1127 1653 1279 1706 tum
1299 1634 1502 1735 quod
1533 1632 1795 1708 clarius
1810 1633 2217 1734 patesceret
2236 1687 2257 1721 ,
2301 1656 2451 1734 quo
2475 1631 2685 1707 sensu
2708 1633 3139 1734 accipienda
3160 1634 3500 1735 pestilen-

719 1726 860 1818 tia,
898 1756 1053 1832 quae
1079 1787 1100 1822 ,
1149 1729 1453 1810 Nerone
1497 1733 1876 1834 Principe,
1908 1733 2246 1835 contigit.

822 1828 1534 1912 DEPoPULABATUR
1569 1843 1606 1931 ]
1639 1835 1841 1911 Male
1878 1835 2031 1910 Mss.
2065 1832 2282 1909 Bodl.
2309 1832 2448 1910 Jes.
2474 1832 2982 1929 populabantur.

812 1927 1168 2006 Paruum:
1221 1957 1321 2009 ET
1360 1946 1774 2032 INGENUA]
1802 1935 1918 2010 Ita
1941 1935 2100 2011 Mss.
2124 1933 2305 2035 Reg.
2344 1931 2576 2006 Corb.
2622 1931 2832 2007 Harl.
2878 1933 3112 2009 editio
3158 1935 3499 2036 princeps

711 2032 785 2102 δε
814 2033 1280 2110 recentiores.
1332 2036 1811 2127 Puteolanus,
1845 2038 2113 2135 perinde
2146 2063 2244 2110 ac.
2277 2032 2579 2109 Tacitus
2620 2031 2805 2109 infra
2829 2032 3012 2110 Hist.
3048 2035 3178 2110 IV.
3204 2061 3338 2138 43.
3370 2041 3499 2112 Pe-

706 2132 893 2203 rinde
922 2133 1099 2206 dives
1135 2137 1209 2207 ὓ·
1240 2140 1600 2235 eloquentia
1631 2140 1872 2212 clarus.

817 2228 1427 2330 OBTULERANT]
1464 2237 1603 2312 Ms.
1642 2236 1873 2312 Corb.
1917 2238 2347 2311 contulerant.
2384 2230 2576 2306 Mox
2623 2256 2765 2332 pro
2803 2233 3042 2332 casibus
3082 2234 3271 2308 male
3327 2235 3495 2312 Mff.

700 2325 912 2400 Harl.
943 2331 1083 2405 Jes.
1111 2334 1422 2424 claffibus.

813 2524 1030 2599 CAP.
1084 2526 1282 2602 XIV.
1341 2526 1662 2614 INQums
1707 2534 2030 2624 Ammo]
2071 2529 2226 2604 Mis.
2252 2529 2464 2605 Harl.
2499 2527 2721 2605 Bodl.
2754 2527 2791 2605 J
2798 2527 2891 2602 es.
2916 2535 2986 2603 &
3008 2529 3492 2617 Puteolanus,

699 2627 1045 2737 inquietus.
1090 2622 1181 2699 In
1226 2628 1553 2729 margine
1606 2629 1747 2702 Ms.
1789 2628 2011 2705 Bodl.
2057 2627 2434 2719 additum,
2493 2636 2738 2730 inquies
2765 2652 2793 2716 3
2844 2649 2926 2702 ut
2993 2627 3268 2705 habent
3325 2628 3497 2703 libri

698 2748 753 2798 o
811 2744 995 2798 timi.

757 2748 1318 2921 ΡΡΑΜΜΕΝΕΜ]
1350 2823 1510 2899 Mss.
1540 2822 1750 2897 Harl.
1777 2822 1997 2899 Bodl.
2025 2822 2163 2899 Jes.
2190 2832 2260 2900 &
2283 2824 2729 2899 Puteolanus
2751 2880 2774 2914 ,
2818 2828 3195 2901 Parmenen.
3237 2827 3328 2901 In
3352 2828 3487 2902 Ms.

701 2920 935 2998 Corb.
963 2927 1405 3000 Pammanem.

802 3024 1203 3113 Amen-us
1243 3049 1604 3101 luussxum
1636 3032 1673 3121 ]
1715 3023 1918 3100 Bene
1970 3020 2244 3125 Lipsius
2271 3028 2342 3099 δε
2371 3022 2873 3099 Recentiores.
2913 3023 3157 3127 Vulgo
3202 3023 3280 3097 in
3319 3024 3479 3102 Mff.

696 3126 770 3203 'ec
800 3125 1178 3219 veteribus
1198 3126 1687 3217 editionibus,
1718 3133 2042 3200 innixum.
2078 3127 2168 3201 In
2197 3125 2332 3200 Ms.
2358 3126 2394 3203 J
2402 3126 2499 3202 es.
2533 3130 2907 3202 inmixtum.

709 3216 730 3289 .'
801 3222 925 3300 Er
961 3220 1729 3322 CONSULTATloNl-:SJ
1773 3224 1889 3300 Ita
1915 3224 2075 3300 ΜΠ.
2109 3226 2310 3303 Flor.
2336 3225 2569 3302 Corb.
2601 3223 2926 3300 Pichena
2963 3228 3035 3298 &
3069 3220 3485 3297 Recentio-

694 3346 834 3401 res.
862 3325 953 3400 In
979 3328 1114 3403 Ms.
1161 3332 1338 3430 Agr.
1368 3331 1843 3425 consultatores.
1876 3328 2130 3402 Ceteri
2170 3326 2328 3402 Mss.
2358 3332 2430 3402 δε
2456 3346 2742 3403 veteres
2777 3324 3179 3415 editiones,
3208 3327 3487 3421 consola·

695 3432 921 3502 tiones.
961 3428 1051 3502 In
1084 3428 1409 3530 margine
1448 3449 1692 3503 tamen
1717 3425 1857 3501 Ms.
1884 3426 2095 3502 Harl.
2134 3426 2462 3501 additum
2494 3426 3006 3522 consultationes.

790 3525 1041 3602 Suum.
1088 3537 1485 3624 ANNUAM]
1519 3529 1633 3603 Ita
1684 3526 1842 3601 Mss.
1889 3525 2088 3602 Flor.
2153 3527 2386 3606 Corb.
2431 3524 2681 3602 Guelf.
2727 3524 2960 3601 editio
3018 3524 3359 3626 princeps
3408 3529 3483 3600 δε

683 3628 1158 3704 recentiores.
1201 3628 1641 3702 Puteolanus
1667 3683 1686 3716 ,
1715 3626 2046 3725 simulque.
3078 3626 3085 3631 ’

784 3725 1028 3802 Nemo
1067 3752 1557 3805 osss1GNARET
1587 3737 1625 3823 ]
1659 3725 1939 3831 Digest.
1977 3725 2143 3802 libr.
2173 3723 2553 3800 XXXVII.
2593 3723 2745 3797 Tit.
2788 3722 2880 3799 de
2908 3721 3277 3803 bonorum
3308 3723 3481 3824 pof-

688 3824 1021 3903 seffione.
1060 3830 1205 3931 leg.
1251 3854 1327 3928 7.
1365 3854 1455 3903 ex
1481 3827 1801 3904 JulianO.
1851 3831 2011 3901 cum
2053 3830 2290 3901 tabulae
2344 3825 2704 3924 testamenti
2748 3828 3040 3921 plurium
3069 3824 3285 3923 fignis
3317 3825 3471 3922 fig-

686 3948 859 4001 natae
903 3926 1130 4031 efferit,
1159 3934 1235 4006 ὃ·
1262 3931 1552 4031 quaedam
1587 3956 1670 4003 ex
1703 3931 1798 4000 his
1851 3930 1976 4001 non
2002 3950 2272 4024 parent,
2290 3927 2538 4025 septem
2581 3928 2835 3999 tantum
2855 3925 3056 4023 figna
3111 3946 3413 3996 maneant
3440 3952 3475 3994 .·

669 4026 921 4121 fiefficit
952 4032 1037 4104 ad
1086 4034 1392 4106 bonorum
1445 4030 1857 4128 poffeffiouem
1908 4029 2190 4102 dandam
2212 4082 2236 4117 ,
2252 4029 2499 4123 septem
2553 4025 2806 4124 testium
2827 4026 3030 4124 figna
3066 4049 3471 4118 comparere:

683 4126 837 4199 licet
861 4153 984 4200 non
1016 4139 1296 4205 omnium
1323 4187 1346 4222 ,
1386 4137 1495 4233 qui
1516 4132 1976 4228 signaverint,
2017 4126 2563 4226 maneanrfigna.

789 4223 1159 4304 Monrrus
1216 4256 1436 4305 rmus
1480 4232 1909 4326 Ain-mus]
1975 4228 2112 4307 Ms.
2161 4228 2365 4302 Flor.
2425 4230 2687 4300 Anteio.
2756 4222 3106 4300 Acidalio
3169 4242 3473 4322 quoque

683 4322 761 4399 ’ὃς
789 4323 1290 4404 Freinshemio
1328 4328 1706 4430 placebat,
1755 4330 2122 4432 exstitisset,
2151 4335 2390 4403 monito
2420 4330 2608 4426 prius
2648 4326 2910 4398 Anteio.

785 4528 1016 4608 CAP.
1060 4527 1222 4604 XV.
1280 4527 1511 4603 Arun
1547 4551 1793 4603 rmum
1826 4530 2274 4623 chuntm]
2317 4527 2517 4604 Male
2544 4541 2777 4602 tentat
2803 4519 3075 4640 Lipfius
3102 4573 3124 4609 ,
3162 4540 3253 4592 ex
3296 4538 3468 4629 cor-

681 4653 903 4733 rupto
940 4629 1187 4710 Taciti
1235 4628 1412 4749 loco
1447 4630 1524 4703 in
1561 4630 1711 4705 Vit.
1748 4627 2085 4728 Agricol.
2118 4629 2274 4740 ‘VII
2298 4683 2322 4716 ,
2363 4630 2536 4722 apud
2550 4629 2792 4723 sanum
2817 4614 3471 4793 laggrtctlrpdnltirrpge

679 4731 1597 4933 Ξῗῗιὲξυῖαξιηεᾟνξιζιὲοαῖιῖ
1631 4723 2891 4925 ἕίἳῖἳῖῐῖἆέῑὲῖἰέυῃεῆἤξξῗὲἷαὲἷη,
2910 4749 3144 4893 Μιξενα
3171 4820 3463 4915 Liguriae

664 4931 867 5027 finis.
914 4938 985 5010 &
1012 4932 1272 5012 Vibius
1306 4929 1693 5033 ⁸Sequester
1715 4986 1737 5025 ,
1772 4951 1940 5032 pag.
1994 4954 2031 5032 3
2043 4950 2173 5027 54.
2220 4929 2458 5000 Macra
2512 4929 2801 5026 Liguriae
2818 4924 3079 5023 fluvius
3110 4918 3466 5018 secundum
