4975 6149
1472 417 1574 474 12
1946 378 2050 473 C.
2179 370 3026 474 CORNELII
3150 376 3743 471 TACITI

1456 554 1765 638 flumen
1791 551 2098 637 Sinden
2126 562 2149 598 ¹
2170 611 2200 656 ,
2231 550 2449 662 quod
2490 551 2766 634 Dahas
2803 546 3200 658 Ariosque
3230 546 3748 633 disterminat.
3777 545 3904 634 Ibi
3940 541 4234 641 modus

1175 659 1404 812 *3330
1456 680 1692 764 rebus
1750 677 2120 764 secundis
2192 676 2538 791 positus:
2607 704 2798 760 nam
2862 675 3134 759 Parthi
3168 734 3198 777 ,
3272 704 3756 787 quamquam
3789 679 4158 765 vistores
4194 740 4225 785 ,

1215 866 1267 917 ³.
1298 794 1361 920 C:
1453 804 1987 918 longinquam
2041 799 2416 888 militiam
2465 801 3107 918 aspernabantur.
3153 801 3467 914 Igitur,
3521 805 3921 888 exstruffls
3959 812 4227 892 monir

1230 977 1338 1036 47·
1452 935 1749 1016 mentis
1794 990 1823 1033 ,
1888 928 2173 1041 quibus
2257 958 2452 1045 opes
2522 929 2698 1013 suas
2785 925 3212 1013 testabatur
3262 986 3291 1030 ,
3359 958 3517 1014 nec
3592 931 3969 1040 cuiquam
4035 932 4222 1017 ante

1451 1058 2017 1144 Arsacidarum
2049 1054 2350 1139 tributa
2374 1051 2537 1137 illis
2571 1054 2674 1138 de
2699 1052 3075 1166 gentibus
3115 1080 3337 1168 parta
3359 1114 3388 1157 ,
3419 1056 3906 1167 regreditur:
3935 1060 4221 1169 ingens
4275 1078 4326 1162 1

1445 1181 1712 1297 gloria
1733 1244 1762 1287 ,
1793 1209 2032 1293 atque
2069 1186 2173 1266 eb
2221 1181 2579 1266 ferocior
2606 1240 2636 1283 ,
2680 1188 2767 1264 ὅ(
2803 1177 3173 1286 subjeffis
3211 1178 3815 1267 intolerantior:
3858 1185 3996 1293 qui
4020 1180 4219 1269 dolo

1440 1311 1634 1395 ante
1659 1309 2150 1424 composite,
2176 1309 2596 1393 incautum
2620 1307 3195 1415 venationique
3227 1307 3630 1390 intentum
3648 1316 3679 1352 ²
3706 1309 4221 1415 interfecere,

1439 1440 1782 1554 primam
1818 1438 2024 1520 intra
2062 1431 2476 1543 juventam
2502 1491 2533 1537 ,
2583 1431 2740 1517 sed.
2773 1427 3253 1515 claritudine
3317 1462 3619 1546 paucos
3675 1436 3885 1518 inter
3936 1434 4223 1520 senum

1436 1592 1779 1675 regum,
1840 1561 1896 1643 fi
1960 1560 2290 1675 perinde
2345 1588 2707 1644 amorem
2777 1560 2988 1647 inter
3046 1555 3474 1673 populares
3502 1620 3533 1663 ,
3592 1556 3830 1670 quam
3902 1588 4218 1649 metum

1432 1689 1653 1802 apud
1682 1689 1975 1788 hostes,
2005 1685 2490 1795 quaefiviffet.
2517 1689 2756 1769 Nece
2780 1684 3162 1769 Bardanis
3186 1683 3513 1768 turbatae
3543 1687 4020 1771 Parthorum
4049 1716 4216 1791 res,
4285 1715 4313 1765 1
4341 1712 4392 1772 o

1430 1814 1647 1895 inter
1709 1810 2181 1924 ambiguos,
2233 1814 2407 1922 quis
2455 1813 2544 1895 in
2596 1840 2939 1924 regnum
2989 1813 3524 1925 acciperetur,
3569 1807 3826 1894 Multi
3871 1812 3977 1896 ad
4027 1815 4214 1898 Go-

1430 1961 1709 2022 tarzen
1746 1934 2298 2034 inclinabant3
2334 1937 2663 2048 quidam
2691 1938 2791 2022 ad
2813 1937 3395 2039 Meherdaten,
3427 1933 3743 2051 prolem
3770 1937 4125 2022 Phraatis
4147 1949 4213 2043 ³,

1426 2061 1741 2148 obfidio
1777 2061 2009 2148 nobis
2063 2062 2365 2146 datum.
2406 2063 2738 2144 Deinde
2795 2059 3212 2174 praevaluit
3258 2063 3688 2145 Gotarzes:
3744 2063 4214 2174 potitusque

1426 2190 1735 2298 regiam
1762 2243 1793 2289 ,
1860 2215 2000 2300 per
2035 2185 2418 2268 saevitiem
2485 2214 2582 2268 ac
2622 2181 2912 2268 luxum
2984 2185 3260 2298 adegit
3332 2186 3670 2270 Parthos
3720 2188 4042 2271 mittere
4106 2188 4211 2272 ad

1424 2312 1890 2427 Principem
1958 2312 2431 2399 Romanum
2494 2308 2865 2398 occultas
2910 2341 3231 2429 preces,
3291 2310 3467 2422 quis
3532 2344 3580 2389 <c
3607 2313 3969 2425 permitti
4015 2314 4206 2400 Me-
4280 2347 4322 2402 1·
4333 2343 4385 2425 5

1420 2438 1879 2530 »Ιιει-ἀειῑεη
1929 2440 2275 2553 patrium
2313 2436 2413 2522 ad
2453 2436 2865 2551 fastigium
2893 2474 2939 2518 »
2999 2435 3365 2525 orabant.
3867 2516 3874 2523 s

1551 2564 1705 2649 XI.
1771 2565 1928 2646 Irs
1956 2590 2014 2646 D
2044 2589 2179 2646 EM
2239 2561 2705 2652 consulibus
2762 2564 2941 2651 ludi
3002 2564 3413 2657 saeculares
3447 2573 3486 2626 ⁴
3539 2564 4204 2678 oeli-ugentefimo

1419 2692 1594 2806 post
1609 2691 1966 2775 Romam
1995 2692 2461 2795 conditam,
2493 2718 2780 2801 quarto
2819 2700 2904 2776 ὃ(
2937 2692 3472 2805 sexagefimo5
3508 2688 3748 2801 quam
3789 2694 4203 2804 Augustus

1417 2815 1833 2919 ediderat,
1891 2816 2215 2932 speaati
2256 2817 2464 2900 sunt.
2518 2818 2949 2928 Utriusque
2997 2819 3392 2933 Principis
3437 2818 3787 2901 rationes
3814 2814 3850 2862 ⁶
3887 2845 4204 2930 praeter-

1412 2942 1659 3026 mitto
1686 3002 1716 3047 ,
1775 2943 1959 3028 satis
2000 2971 2347 3027 narratas
2388 2940 2610 3026 libris
2664 2942 2953 3053 quibus
2995 2974 3118 3028 res
3169 2945 3672 3056 imperatoris
3737 2942 4200 3027 Domitiani
4262 2981 4389 3037 20

1413 3068 1887 3184 composui:
1934 3099 2123 3155 nam
2171 3072 2238 3155 is
2292 3099 2614 3182 quoque
2669 3068 2926 3155 edidit
2974 3067 3216 3157 ludos
3265 3064 3673 3155 saeculares
3695 3124 3725 3171 ,
3769 3066 4021 3178 iisque
4072 3071 4204 3156 in,-

1486 3324 1509 3354 ¹
1553 3314 1653 3377 An
1694 3336 1947 3379 uuum
1971 3315 2253 3390 Smnnn]
2279 3311 2553 3379 Flumen
2591 3314 2758 3381 illud
2838 3322 3139 3398 'genteum
3176 3313 3341 3406 apud
3367 3315 3448 3377 D.
3482 3310 3874 3388 Fountaine‚
3905 3310 4200 3393 Equitem

1402 3389 1657 3456 videtur
1711 3394 1829 3457 effe
1850 3439 1869 3467 ,
1903 3394 2080 3475 quod
2101 3413 2270 3456 nunc
2298 3394 2562 3457 dicimus
2591 3397 2758 3457 Heri·
2841 3397 2943 3457 An
2991 3397 3157 3470 lum,
3182 3393 3432 3456 vidisset
3452 3439 3471 3467 ,
3503 3390 3922 3453 adulterinum
3942 3390 4059 3452 effe
4081 3393 4197 3453 de·-

1400 3468 1550 3544 rud,
1606 3472 1709 3533 vel
1766 3471 1823 3530 la
1865 3473 2063 3533 riviere
2110 3471 2363 3534 d'Herat.
2411 3474 2510 3536 De
2563 3474 2756 3537 Dahis
2884 3494 2948 3536 re
2997 3472 3195 3546 endit,
3215 3486 3287 3533 ut
3311 3468 3546 3533 constat
3562 3467 3890 3532 exschedis
3916 3469 4046 3544 ejus
4062 3469 4197 3531 Mff.

1401 3548 1532 3625 jam
1560 3546 1791 3612 dic'tum
1808 3550 1999 3629 supra.
2022 3549 2314 3613 Finitimi
2331 3551 2489 3629 Arii,
2526 3554 2754 3618 Ortum
2886 3552 3019 3613 lura
3049 3551 3127 3611 de
3172 3547 3557 3610 saecularibus
3597 3545 3759 3608 ludis
3805 3546 4081 3610 dicemus
4126 3547 4198 3609 in

1398 3627 1636 3690 versia.
2839 3627 3033 3692 Notis
3075 3629 3145 3690 δε
3170 3627 3433 3689 Emend.
3453 3626 3534 3688 ad
3559 3625 3782 3686 AnnaI.
3811 3627 3898 3686 XI
3916 3672 3937 3698 ‚
3982 3646 4004 3685 1
4026 3645 4078 3686 1.

1397 3780 1402 3786 ,
1479 3704 1861 3767 queam-uu
1889 3726 2369 3780 vnurromoua
2397 3709 2756 3783 mrum-uu]
2920 3717 2948 3762 5
2993 3708 3277 3782 Quanto
3322 3728 3397 3769 ετ
3447 3725 3851 3767 szxAGnsmo
3890 3707 3922 3780 ]
3971 3703 4193 3766 Ludos

1400 3781 1596 3858 Quod
1613 3780 1762 3845 Izati
1787 3781 2028 3845 bellum
2052 3780 2339 3862 inferret,
2363 3786 2433 3850 8<
2458 3787 2755 3848 adversus
2831 3783 2978 3848 illos
3000 3831 3020 3860 ‚
3054 3783 3405 3847 Horatiano
3455 3782 3696 3862 hymno
3753 3779 4140 3858 percelebres
4163 3829 4188 3859 ,

1398 3858 1724 3923 Romanos
1804 3860 2209 3925 meditaretur
2251 3910 2272 3939 ,
2357 3863 2753 3928 interfeetum
2832 3862 3116 3926 ediderat
3131 3861 3430 3943 Augustus
3445 3880 3614 3925 anno
3630 3860 4188 3925 U.C.1>ccx-xxvn.

1395 3937 1721 4001 Bardanen
1746 3938 1934 4001 tradit
1950 3938 2244 4031 Josephus
2267 3944 2484 4024 Antiq.
2508 3943 2750 4007 Judaic.
2831 3945 2907 4005 C.
2970 3938 3209 4004 Furnio
3262 3941 3334 4004 &t
3385 3942 3462 4004 C.
3531 3937 3746 4001 Silano
3805 3936 4188 4003 consulibus.

1393 4016 1516 4076 XX
1531 4063 1561 4107 ,ι
1591 4037 1644 4092 3.
1667 4018 1849 4079 Haud
1873 4017 2010 4080 satis
2041 4018 2338 4100 diligens,
2366 4037 2436 4086 ut
2458 4021 2749 4100 videtur,
2827 4018 2957 4082 Dio
2998 4020 3163 4084 LIV.
3197 4039 3334 4099 pag.
3363 4037 3503 4100 533.

1394 4091 1512 4156 hac
1545 4115 1613 4156 m
1640 4116 1705 4158 re
1739 4095 2017 4176 scriptor.
2907 4100 2937 4139 ⁶
2976 4101 3351 4170 Urnlusoua
3420 4101 3740 4160 ancms
3811 4098 4184 4174 nar-muns]

1478 4183 1509 4227 ³>
1546 4175 1700 4238 Pno
1724 4197 1876 4237 rau
1921 4178 2077 4238 Pnn
2099 4199 2136 4237 A
2157 4198 2192 4239 Α
2214 4181 2387 4255 τις]
2422 4181 2748 4259 Nepotem
2828 4181 2997 4255 Quas
3036 4193 3398 4258 temporum
3432 4174 3748 4250 rationes,
3799 4192 3935 4253 qua:
3983 4172 4187 4236 inter-

1393 4247 1665 4314 Phraatis
1690 4255 1798 4327 IV,
1826 4254 1904 4316 de
1921 4253 2246 4333 quoinfra,
2276 4257 2429 4334 ΧΠ,
2463 4279 2555 4319 10.
2583 4259 2746 4324 Vide
2826 4258 2991 4318 valla
3025 4254 3144 4318 fint
3194 4253 3386 4319 secuti
3427 4253 3725 4334 Augustus
3763 4252 3835 4315 &t
3881 4250 4186 4342 Claudius

1386 4327 2037 4411 &Canonemregum
2051 4333 2597 4399 Parthonuninter
2614 4338 2748 4400 No·
2825 4334 3263 4414 praetermitto.
3301 4333 3375 4394 ld
3424 4331 3563 4395 satis
3606 4344 3920 4419 narratum
3960 4331 4182 4405 libris,

1390 4419 1483 4470 tas
1527 4408 1597 4469 &
1640 4408 2124 4473 Emendationes
2149 4413 2229 4474 ad
2272 4415 2502 4477 Annal.
2554 4417 2652 4489 11,
2690 4436 2742 4478 1.
2822 4413 3048 4493 quibus
3079 4434 3174 4475 res
3207 4412 3299 4473 im
3344 4411 3602 4476 cratoris
3627 4408 3982 4472 Domitiani
4008 4426 4180 4496 cogn·

1465 4491 1501 4534 ⁴
1540 4487 1713 4547 Lum
1780 4509 2150 4551 saturans
2186 4494 2215 4567 J
2273 4492 2370 4554 De
2435 4493 2530 4556 his
2580 4492 2742 4555 ludis
2820 4490 3019 4571 posui.
3057 4491 3239 4554 Libri
3259 4490 3306 4552 il
3333 4489 3630 4570 iperiere.
3654 4491 3737 4549 At
3755 4486 3835 4548 de
3865 4485 3958 4547 his
3989 4499 4179 4546 tatro-

1387 4581 1718 4628 nummurn
1764 4565 2031 4643 protulit
2085 4569 2477 4642 Harduinus,
2533 4573 2742 4650 Opera
2821 4569 3002 4632 nibus
3043 4569 3285 4633 dicetur
3319 4568 3456 4633 satis
3482 4567 3552 4631 in
3592 4565 3783 4630 Notis
3827 4563 3899 4628 &
3937 4563 4177 4649 Emen-

1233 4662 1253 4682 ·
1385 4640 1606 4704 Sele&
1691 4661 1791 4722 ag.
1845 4663 1990 4721 719.
2047 4646 2157 4710 T1.
2213 4650 2737 4712 CLAVDIVS
2819 4646 3181 4713 dationibus
3223 4648 3304 4711 ad
3342 4647 3569 4710 Annal.
3606 4647 3733 4715 XI,
3783 4661 3871 4700 ιι.
3912 4638 4074 4703 vide
4101 4638 4177 4706 Bt

1386 4721 1589 4781 CAES
1734 4723 2020 4817 AVG3P.
2045 4725 2133 4786 Μ.
2157 4727 2291 4788 TR.
2317 4729 2378 4789 P.
2399 4728 2541 4789 vn.
2574 4729 2737 4790 IMP.
2816 4727 3314 4807 supplementum
3328 4727 3410 4790 ad
3424 4741 3658 4787 annum
3674 4719 3842 4808 1150.
3859 4737 4170 4806 nccenpr

1382 4798 1527 4858 1111.
1572 4800 1648 4861 In
1694 4801 1954 4863 adversa
1995 4818 2167 4881 parte
2216 4807 2739 4897 SAEQVLARIA
2814 4827 2946 4887 quo
3019 4807 3202 4873 ludos
3259 4803 3569 4876 seculares
3621 4796 3777 4864 fecrt
3838 4796 4172 4865 Domma-
4227 4876 4235 4884 ,

1376 4877 1670 4954 δΑΟΚΑ.
1712 4881 1798 4948 At
1839 4881 1984 4946 cum
2018 4899 2350 4951 nummum
2394 4886 2582 4953 illum
2630 4904 2770 4966 arf,
2811 4906 2951 4956 nus-
