4975 6149
1537 345 1710 446 ηε
2025 324 3846 422 e.coRNEL11TAc1T1

1238 524 1478 574 Ξ
1543 535 1590 582 α
1619 498 1842 614 quod
1870 497 2370 584 consortium
2419 496 2783 611 imperii,
2817 491 3364 605 juraturasque
3397 496 3484 575 in
3505 492 3823 578 feminae
3848 489 4094 578 verba
4121 524 4310 611 prae,-

1244 605 1479 758 A‘gfff‘
1533 630 1841 712 »torias
1889 628 2321 729 cohortes,
2400 624 2777 733 idemque
2841 622 3191 708 dedecus
3258 621 3573 706 senatus
3641 630 3725 704 &
3792 619 4080 736 populi
4131 625 4311 737 spe-.-

1294 813 1346 865 3·
1378 813 1440 864 α
1534 753 1955 839 »raviffet:
1987 783 2081 838 ac
2114 753 2624 866 posteaquam
2672 749 2948 834 frustra
2987 772 3265 862 optata
3305 747 3453 831 sint
3481 807 3509 850 ,
3556 746 3869 831 infensa
3923 747 4311 839 militibus

1318 915 1424 984 59.
1538 879 2113 996 »patribusque
2139 887 2223 961 &
2254 875 2515 992 plebi,
2562 875 3011 960 diffuafiffet
3059 874 3536 958 donativum
3567 882 3651 956 &
3685 877 4189 986 congiarium
4225 888 4248 923 ¹
4277 934 4311 981 ,

1536 1005 2118 1122 »periculaque
2154 1006 2344 1090 viris
2380 999 2835 1087 inlustribus
2875 1000 3375 1084 instruxiss‘et.
3429 1003 3767 1113 Quanto
3825 1002 3969 1084 suo
4032 999 4310 1087 labore
4380 1041 4389 1046 ·

1515 1158 2144 1249 »perpetratum
2171 1190 2201 1236 ,
2246 1160 2350 1214 ne
2400 1133 2898 1243 inrumperet
2936 1130 3240 1213 curiam
3276 1184 3306 1230 ,
3373 1158 3475 1212 ne
3535 1125 3907 1239 gentibus
3959 1131 4313 1215 externis

1537 1260 1978 1373 »responsa
2025 1258 2249 1343 daret
2282 1265 2313 1300 ²
2344 1290 2390 1332 2>
2432 1261 2461 1337 ἓ
2511 1256 3016 1369 Temporum
3064 1282 3386 1365 quoque
3433 1251 4070 1340 Claudianorum
4100 1252 4309 1342 obli·

1537 1383 1694 1496 qua
1730 1386 2247 1470 insectatione
2287 1392 2362 1486 ³,
2393 1384 2681 1466 cuneta
2704 1378 2875 1489 ejus
2921 1381 3500 1466 dominationis
3526 1382 3831 1492 flagitia
3857 1384 3943 1465 in
3969 1406 4311 1465 matrem

1535 1509 1935 1596 transtulit
1972 1569 2002 1615 ,
2085 1543 2131 1585 (ι
2159 1506 2487 1624 publica
2534 1506 2858 1593 fortuna
2904 1511 3441 1593 exstinctam.»
3514 1507 3864 1593 referens
3902 1543 3920 1592 :
3964 1532 4308 1618 namque

1537 1645 1628 1721 ὃ(
1669 1637 2171 1748 naufragium
2223 1632 2612 1719 narrabat.
2645 1634 2901 1747 Quod
2939 1636 3375 1719 fortuitum'
3403 1634 3628 1717 fuiss'e
3652 1692 3682 1738 ,
3713 1636 3885 1744 quis
3930 1634 4132 1719 adeo
4173 1637 4309 1717 he-

1536 1759 1677 1848 bes
1729 1766 2225 1846 inveniretur
2252 1820 2280 1864 ,
2314 1787 2407 1845 ut
2453 1761 2869 1847 crederet?
2908 1788 3047 1846 aut
3098 1792 3144 1844 a
3191 1759 3528 1845 muliere
3565 1758 3945 1872 naufraga
3994 1760 4309 1846 miffum

1537 1917 1732 1974 cum
1789 1886 1962 1973 telo
2019 1917 2331 1990 unum,
2383 1892 2523 1999 qui
2580 1890 2960 1974 cohortes
2989 1947 3017 1994 ‚
3075 1895 3161 1974 &
3213 1886 3488 1973 claffes
3550 1887 4065 2000 Imperatoris
4127 1915 4311 2000 per·-

1532 2014 1980 2126 fringeret?
2039 2014 2261 2125 Ergo
2316 2043 2484 2096 non
2529 2010 2692 2120 jam
2745 2017 2981 2099 Nero
3016 2023 3056 2074 ⁴
3080 2071 3110 2117 ,
3151 2011 3380 2119 cujus
3427 2015 3883 2097 immanitas
3942 2015 4307 2097 omnium

1537 2143 1850 2248 questus
1927 2138 2331 2240 anteibat,
2391 2137 2531 2219 sed
2586 2136 2920 2221 adverso
2981 2167 3304 2220 rumore
3357 2139 3669 2219 Seneca
3724 2161 3943 2240 erat,
4013 2137 4307 2246 «quod

1534 2266 1971 2347 »oratione
2012 2260 2156 2346 tali
2208 2260 2785 2346 confeffionem
2839 2260 3254 2376 scripfiffet
3281 2294 3369 2345 »-

1662 2389 1882 2471 XII.
1947 2389 2048 2470 M
2065 2415 2090 2469 1
2107 2412 2156 2469 R
2176 2414 2231 2472 o
2255 2413 2529 2470 tamen
2560 2390 2999 2472 certamine
3024 2416 3452 2500 procerum
3476 2384 4018 2474 decernuntur
4060 2420 4107 2462 «
4134 2386 4309 2502 sup-

1533 2509 2080 2629 »plicationes
2130 2510 2344 2626 apud
2399 2516 2675 2598 omnia
2728 2512 3178 2627 pulvinaria
3226 2523 3254 2579 5
3284 2574 3314 2617 ,
3380 2540 3627 2625 utque
3689 2516 4246 2626 Quinquatrus
4273 2570 4305 2617 ,

1533 2637 1888 2750 »quibus
1928 2664 2211 2752 apertae
2250 2638 2500 2723 effent
2536 2640 2825 2723 infidiae
2853 2699 2883 2745 ,
2936 2638 3148 2724 ludis
3174 2643 3457 2724 annuis
3488 2636 4127 2725 celebrarentur:
4167 2670 4308 2734 aue

1535 2794 1830 2848 »reum
1867 2765 2258 2849 Minervae
2292 2765 2801 2850 simulacrum
2829 2769 2914 2848 in
2946 2763 3165 2851 curia
3187 2825 3217 2868 ,
3248 2775 3330 2849 ὅ(
3365 2762 3592 2873 juxta
3619 2766 4016 2878 Principis
4037 2767 4307 2877 imago

1537 2893 2073 2974 »statueretur
2122 2923 2141 2974 :
2202 2889 2369 2975 dies
2425 2889 2709 2976 natalis
2769 2894 3235 3005 Agrippinae
3299 2894 3510 2974 inter
3577 2890 3916 2975 nefastos
3979 2892 4169 2974 effet
4218 2925 4304 2973 2).

1533 3016 1897 3103 Thrasea
1948 3019 2200 3102 Paetus
2249 3013 2337 3122 ⁶,
2397 3018 2719 3103 mentio
2742 3077 2772 3123 ,
2816 3016 2951 3102 vel
3003 3016 3232 3102 brevi
3281 3017 3617 3102 adsensu
3683 3019 3985 3132 priores
4037 3014 4307 3102 adula-

1540 3146 1806 3232 tiones
1854 3144 2390 3230 transmittere
2432 3144 2718 3231 solitus
2744 3203 2777 3250 ,
2831 3147 3034 3231 exiit
3075 3170 3253 3229 tum
3296 3144 3618 3250 senatu,
3672 3174 3765 3229 ac
3796 3143 3936 3228 s1bi
3988 3145 4306 3229 causam

1623 3433 1643 3467 ¹
1688 3426 2099 3495 Dona-nvom
2136 3450 2213 3494 ετ
2244 3426 2713 3503 consumma]
2754 3425 2889 3491 Do·
2966 3424 3209 3509 questus
3264 3425 3542 3516 vicerat,
3603 3423 3709 3489 sed
3751 3427 3986 3489 Seneca
4042 3424 4305 3491 adverso

1542 3504 1835 3568 nativum
1861 3506 2205 3581 militibus,
2244 3527 2371 3570 con
2414 3506 2641 3571 iarium
2676 3526 2887 3588 popu·
2964 3527 3218 3571 rumore
3250 3522 3381 3570 erat
3412 3507 3483 3569 &
3516 3504 3751 3567 mvisus
3770 3552 3789 3580 ,
3817 3505 3990 3585 quod
4019 3505 4131 3567 tali
4163 3526 4307 3568 ora-

1543 3583 1612 3646 lo
1652 3583 1948 3659 dabatur,
1982 3602 2051 3649 ut
2101 3586 2336 3648 dietum
2446 3606 2542 3664 pe.
2964 3585 3147 3650 tione
3173 3583 3636 3666 parricidialem
3657 3582 4110 3650 confessionem
4125 3583 4306 3665 scrip:-

1623 3671 1652 3702 2
1693 3664 2019 3725 Responsa
2084 3665 2366 3739 narrar]
2426 3666 2573 3727 Haec
2629 3663 2886 3728 tentaffe
2964 3663 3144 3728 fiffet.

1541 3739 1952 3820 Agrippinam
1968 3740 2239 3805 vidimus
2257 3741 2433 3821 supra
2448 3742 2677 3806 Annal.
2699 3745 2845 3804 Xlll
2863 3790 2885 3821 ,
3048 3754 3067 3801 5
3113 3746 3295 3806 Arm>
3339 3767 3547 3809 omna
3574 3762 3976 3808 PvanuuuA
4002 3740 4034 3816 ]
4065 3742 4137 3801 In
4171 3761 4310 3803 om-

1547 3835 1608 3895 5·
2966 3822 3152 3887 nibus
3188 3824 3439 3904 templis
3468 3826 3536 3886 &
3576 3821 3740 3900 apud
3769 3818 3986 3883 omnia
4010 3818 4309 3897 pulvinae-

1629 3904 1651 3947 Ξ
1698 3897 1992 3971 ΟΒιιαυΑ
2034 3897 2884 3976 ικεεετΑτιουΒ]ΕκῙί1ἰαω,
2965 3901 3079 3965 ria.
3115 3906 3329 3963 Acron
3366 3901 3434 3962 in
3469 3901 3689 3961 Horat.
3731 3900 3758 3958 1
3799 3897 3923 3960 Od.
3967 3899 4308 3975 XXXVII,

1547 3969 1821 4037 Claudio
1859 3975 1944 4036 im
1992 3977 2255 4040 eritante
2277 4023 2296 4052 ,
2322 3996 2360 4040 a
2399 3978 2636 4041 Seneca
2667 3980 2889 4042 tolera·
2972 4000 3025 4055 3.
3043 3977 3376 4038 Pulvinaria
3397 3975 3756 4053 dicebantur,
3785 3992 3884 4035 aut
3905 3973 4024 4035 1032·
4054 3973 4307 4050 deorum,

1546 4062 1682 4112 tum
1704 4095 1723 4124 ,
1760 3998 2053 4118 manebat
2089 4055 2323 4133 semper
2354 4053 2472 4113 alta
2501 4074 2678 4116 mente
2716 4056 2888 4134 repos-
2964 4074 3063 4115 aut
3100 4053 3391 4129 tabulata,
3434 4054 3494 4115 in
3528 4053 3722 4133 quibus
3751 4052 3986 4134 stabant
4037 4054 4266 4118 numina
4279 4100 4307 4132 ,

1542 4144 1681 4189 tum.
1720 4131 1962 4195 Frustra
1995 4133 2412 4211 jactanterque
2452 4132 2541 4194 ait
2570 4133 2742 4207 idem
2778 4137 2883 4195 Se·
2963 4152 3023 4193 ut
3056 4132 3415 4193 eminentiora
3437 4130 3774 4196 viderentur.
4286 4196 4289 4201 ⁴

1545 4225 1738 4281 neca,
1773 4210 1851 4272 de
1890 4209 2256 4275 Constantia
2287 4210 2562 4289 Sapient.
2589 4214 2726 4275 XV.
2762 4210 2885 4270 Sa·
3042 4214 3072 4252 ⁶
3113 4212 3421 4273 Tnmsm
3460 4214 3718 4353 Parus‘]
3758 4215 3840 4276 Ut
3864 4211 4101 4293 scriptis
4122 4215 4305 4276 Sene-

1527 4285 1720 4361 Jn'enti
1772 4288 2013 4367 injurias
2069 4309 2180 4348 non
2227 4287 2343 4428 effe.
2408 4288 2630 4352 Veri‘us
2682 4289 2752 4353 ec
2807 4310 2887 4352 ex
2965 4310 3081 4365 ca,
3108 4289 3195 4352 ita
3222 4290 3473 4352 Publius
3506 4289 3674 4353 Thra
3703 4312 3774 4355 ea
3813 4294 4003 4355 Paetus
4022 4293 4301 4354 moribus

1546 4365 1936 4453 conscientia
1983 4367 2185 4443 dixit,
2280 4386 2314 4428 e
2359 4366 2790 4441 Beneficiisl,
2834 4389 2884 4427 1.
2964 4368 3251 4445 Stoicus,
3310 4369 3666 4450 rigidusque
3730 4370 3977 4433 virtutis
4045 4368 4300 4435 satelles,

1547 4457 1638 4504 lta
1684 4445 1899 4508 natura
1938 4461 2367 4526 comparatum
2401 4446 2519 4508 effe
2547 4492 2566 4521 ‚
2617 4464 2677 4505 ut
2717 4444 2889 4506 altius
2965 4446 3190 4512 Mortis
3242 4465 3613 4529 contemptu
3672 4449 3962 4512 adversus
4025 4443 4301 4524 pericula

1543 4517 1811 4608 injuriet,
1839 4527 1999 4603 qua'm
2040 4525 2235 4586 merita
2273 4521 2636 4602 descendant,
2676 4522 2738 4585 ὓ·
2783 4523 2881 4584 illa
2960 4526 3277 4602 firmatus,
3337 4527 3544 4589 dicere
3602 4543 3732 4589 erat
3788 4525 4038 4589 solitus:
4098 4528 4159 4581 'o
4194 4520 4301 4597 μὶν

1546 4602 1657 4684 cred
1718 4599 2000 4682 defluant,
2047 4602 2152 4664 has
2198 4619 2373 4663 tenax
2422 4602 2681 4664 memoria
2719 4601 2886 4676 tullo-
2962 4605 3121 4685 Νέρων
3165 4606 3454 4668 ἀποκἾιΐυιί
3482 4633 3551 4683 με
3584 4603 3827 4677 δύναται,
3864 4600 4089 4673 βλέψαι
4142 4599 4203 4660 δὶ
4250 4604 4301 4671 ὲ.

1546 4670 1688 4735 ‘3¹2‘-
2961 4684 3117 4744 Nero
3167 4683 3334 4763 potest
3413 4703 3495 4742 me
3563 4680 3804 4741 occidere
3834 4726 3851 4750 ‚
3931 4675 4130 4738 laedere
4190 4698 4303 4737 non

1525 4792 1533 4799 ·
1623 4760 1656 4797 ⁴
1697 4755 1844 4817 Nou
1891 4777 2018 4823 san
2057 4759 2250 4851 Naxo
2286 4762 2318 4836 ]
2376 4762 2457 4823 Er
2501 4782 2541 4824 o
2590 4781 2726 4826 non
2756 4761 2884 4853 jam
2958 4760 3143 4842 potest.
3190 4761 3369 4826 Plura
3396 4760 3544 4843 vide
3575 4758 3741 4839 apud
3772 4757 4075 4825 Dionem.
4111 4758 4316 4837 Lxl,

1540 4825 1765 4911 Nero,
1822 4833 1933 4914 qui
1987 4834 2378 4915 immamtate
2458 4838 2539 4906 ιιέι
2592 4860 2884 4908 omnium
2961 4860 3100 4921 pag·
3144 4844 3297 4918 69⁶·
