4975 6149
1446 428 1655 523 ,με
2082 407 3722 497 SUPPLEMENTUM

1204 601 1438 649 ΞΞΞ
1488 576 2021 667 ειιηᾶειείοηίε
2053 633 2083 677 ,
2130 569 2672 660 Obultronius
2722 572 3067 661 Sabinus
3123 584 3147 621 ¹
3210 580 3297 659 δε
3347 568 3784 657 Cornelius
3820 568 4288 663 Marcellus

1207 680 1439 834 Λέξις·
1487 711 1572 794 in
1624 697 2016 818 Hispania
2039 761 2068 806 ,
2101 700 2404 787 Betuus
2448 701 2700 786 Chilo
2740 705 2828 787 in
2873 694 3145 788 Gallia
3173 758 3204 805 ,
3258 700 3529 787 occifi.
3568 696 3834 784 Simul
3876 700 4282 819 Principis

1258 885 1308 933 J,
1329 814 1403 934 (λ’
1489 832 1693 943 juffu
1721 890 1749 934 ,
1773 827 2231 914 Trebonius
2261 832 2769 914 Garucianus
2792 887 2820 931 ,
2852 853 3369 942 procurator,
3400 824 3794 911 Clodium
3821 828 4206 914 Macrum
4240 837 4281 915 ².

1272 971 1381 1034 68·
1493 964 1582 1046 in
1623 952 1909 1043 Africa
1949 952 2408 1041 turbantem
2478 957 2889 1041 interficit.
2965 955 3361 1040 Fonteius
3422 951 3725 1069 Capito
3772 1012 3805 1058 ,
3882 954 4281 1069 ambiguis

1494 1087 1764 1173 studiis
1808 1083 2208 1199 suspectus
2238 1142 2266 1186 ,
2317 1085 2406 1165 in
2454 1077 2900 1168 Germania
2942 1083 3232 1198 periit,
3277 1111 3325 1166 a
3377 1078 3774 1167 Cornelio
3813 1081 4151 1194 Aquino
4197 1092 4283 1169 ὃ(
4389 1109 4438 1198 5

1495 1213 1754 1305 Fabio
1798 1209 2151 1299 Valente
2200 1210 2640 1326 oppress’uS.
2982 1324 2984 1327 Ι
4176 1252 4192 1265 ·

1626 1338 1985 1426 XCIII.
2051 1342 3054 1426 Fonmnorosroassm
3105 1335 3711 1450 Nymphidium
3782 1334 4289 1451 praepropera

1502 1469 1805 1585 cupido
1860 1466 2262 1581 perditum
2310 1467 2429 1551 iit.
2485 1466 2701 1549 Cum
2750 1463 3139 1550 secundas
3187 1465 3275 1547 in
3323 1464 3683 1578 Imperio
3727 1461 4096 1548 obtinere
4149 1494 4289 1547 va·-

1502 1599 1625 1681 nis
1668 1593 1969 1681 artibus
2008 1592 2377 1679 tentass‘et
2402 1653 2432 1697 ,
2497 1596 2753 1680 Vinio
2785 1653 2812 1695 ,
2862 1593 3255 1695 Lacone,
3300 1587 3535 1676 Icelo
3594 1599 3618 1649 ³
3654 1649 3684 1696 ,
3741 1586 4288 1707 praepollenti-

1499 1720 1651 1808 bus
1679 1781 1709 1827 ,
1760 1730 1849 1806 δε
1897 1723 2241 1806 Othone
2290 1750 2432 1835 per
2476 1722 2707 1808 Vinii
2744 1720 3112 1805 favorem
3150 1717 3254 1803 ad
3291 1718 3703 1804 fortunam
3750 1717 4036 1802 sensim
4076 1719 4288 1802 inre·
4353 1742 4449 1808 10

1501 1874 1748 1965 pente
1794 1908 1822 1952 ,
1895 1849 2332 1962 Imperium
2403 1847 2789 1934 invadere
2844 1871 3198 1964 occupat
3232 1906 3262 1952 ,
3315 1847 3820 1932 Mithridatis
3868 1846 4197 1930 Pontici
4249 1852 4290 1905 4

1505 1974 1793 2090 opibus
1848 1974 2255 2061 subnixus.
2304 1971 2443 2058 Illi
2491 1979 2577 2059 in
2625 1976 3101 2090 praetoriano
3152 1971 3414 2059 milite
3473 1973 3700 2090 spes;
3756 1980 3840 2057 δε
3897 2001 4005 2056 ne
4045 1973 4295 2086 impa-

1503 2129 1719 2187 ratus
1764 2101 1865 2187 ad
1911 2102 1995 2188 id
2046 2101 2458 2212 dignitatis
2512 2101 2993 2206 accederet,
3040 2104 3494 2187 orationem
3548 2133 3595 2185 a
3640 2101 4060 2212 Cingonio
4101 2102 4295 2185 Var-

1502 2257 1705 2312 rone
1764 2237 1790 2291 5
1824 2286 1852 2330 ,
1914 2224 2185 2310 venali
2237 2230 2571 2339 ingenio
2602 2286 2630 2331 ,
2675 2229 2768 2311 in
2817 2254 3137 2313 tantum
3192 2226 3596 2338 fastigium
3633 2229 4014 2342 scriptam
4041 2286 4071 2330 ,
4117 2226 4312 2319 edi-,

1506 2354 1842 2439 dicerat.
1906 2357 2109 2438 Nox
2170 2355 2623 2467 propinqua
2702 2351 2999 2439 talibus
3073 2352 3272 2439 aufis
3338 2350 3898 2439 destinabatur.
3969 2354 4296 2439 Restitit
4358 2385 4388 2438 1
4407 2377 4455 2461 ς.

1508 2480 1856 2563 Antonii
1894 2481 2358 2586 Honorati,
2409 2479 2767 2586 tribuni,
2820 2481 3020 2565 fides
3074 2477 3137 2561 ⁶.
3190 2481 3687 2566 Praemonitis
3713 2483 3957 2595 *enim
4013 2508 4299 2597 praeto-

1505 2607 1750 2690 rianis
1775 2663 1805 2708 ‚
1850 2639 1896 2682 «
1948 2632 2078 2690 tot
2123 2608 2344 2691 vices
2405 2606 2847 2693 dedecere:
2921 2610 3419 2724 praecipitem
3466 2606 3697 2693 fuiffe
3777 2639 3824 2694 a
3893 2612 4231 2695 Nerone
4268 2665 4301 2713 ,

1508 2729 1776 2817 »licet
1839 2728 2235 2817 scelerum
2284 2763 2431 2818 reo
2466 2792 2498 2839 ,
2566 2735 3148 2820 defeffionem:
3194 2767 3242 2820 a
3309 2726 3578 2819 Galba
3609 2794 3637 2841 ,
3695 2764 3919 2822 novo
3974 2744 4058 2821 ὃ(
4123 2734 4301 2820 lau-

1507 2859 1765 2944 »dato
1844 2860 2222 2974 Principe
2250 2918 2278 2962 ,
2340 2858 2810 2975 probrosam
2873 2861 3101 2946 fore:
3153 2888 3391 2977 turpe
3463 2862 3789 2978 insuper
3829 2922 3859 2966 ,
3915 2864 3972 2945 fi
4048 2864 4303 2947 Liviae

1507 2986 1924 3070 »adfinem
1973 2995 2004 3044 ⁷
2053 2988 2576 3101 Nymphidiae
2652 2988 2827 3077 filio
2873 2982 2907 3036 ⁸
2958 2991 3531 3106 postponerent
3597 3025 3687 3073 ».
3763 2990 3976 3073 Cum
4038 2993 4306 3103 Nym-
4355 3017 4464 3078 20

1515 3112 1836 3230 phidius
1890 3115 2136 3201 castra
2209 3114 2484 3200 adiss‘et
2506 3177 2535 3222 ‚
2588 3114 2730 3203 seu
2780 3144 2874 3203 ut
2925 3114 3065 3201 sua
3133 3120 3222 3203 in
3287 3118 3449 3202 fide
3500 3119 3852 3203 firmaret
3909 3121 4225 3205 animos
4273 3175 4303 3227 ,

1514 3370 1585 3435 in
1615 3368 1857 3447 Galba,
1894 3371 2040 3433 XII.
2084 3369 2310 3434 Finium
2356 3374 2598 3453 damno,
2643 3374 2711 3438 id
2749 3373 2872 3451 est,
3026 3377 3057 3417 ⁶
3098 3375 3296 3438 Fmas
3327 3377 3358 3452 ]
3399 3376 3547 3439 Haec
3592 3375 3664 3442 ὃς
3693 3375 3821 3458 seq.
3849 3372 4214 3440 Plutarchus
4240 3374 4317 3439 in

1514 3449 1824 3541 ademptis
1880 3449 2077 3543 agris}
2129 3448 2212 3514 fic
2249 3451 2460 3533 finium
2517 3456 2873 3534 usurpatum
2947 3453 3193 3531 Galba,
3227 3476 3365 3537 pag.
3402 3460 3584 3537 1058.
4149 3530 4168 3546 .

1514 3529 1768 3591 videbis
1793 3525 1959 3588 infra
1998 3528 2153 3589 Hist.
2192 3533 2262 3604 1,
2312 3552 2413 3611 24.
2453 3536 2534 3598 Et
2585 3532 2874 3597 civitates
3022 3545 3050 3588 ⁷
3094 3536 3314 3600 Lrvm
3359 3554 3642 3598 Annum«
3682 3536 3714 3612 ]
3776 3529 4090 3598 Plutarch.
4148 3533 4315 3598 1bid.

1516 3605 1808 3687 puincos
1843 3625 2025 3686 agros
2065 3605 2416 3687 habebant,
2463 3629 2537 3677 ut
2576 3613 2875 3678 omnibus
2950 3615 3160 3695 Atque
3186 3613 3379 3677 etiam
3414 3612 3741 3694 expreffius
3770 3634 3913 3696 pag.
3960 3631 4143 3692 1054.
4186 3612 4314 3680 {aa}

1518 3701 1935 3764 compertum·
2948 3720 3001 3754 τι
3037 3693 3127 3768 ιςςᾷ
3170 3693 3333 3774 Λιῖίᾳ
3369 3702 3436 3778 τῇ
3474 3693 3732 3785 Kale-apos·
3761 3692 3960 3768 γυναικὶ
3999 3690 4144 3752 aar&
4174 3693 4311 3767 γίνος

1606 3775 1624 3805 ¹
1660 3768 2117 3828 Onumaomus
2148 3768 2415 3833 Sumus
2443 3772 2722 3847 JHaec&
2749 3771 2807 3836 se
2860 3816 2876 3832 ·
2950 3773 3212 3852 προσ-εἶκεν
3244 3773 3527 3839 brabeu-
3568 3773 3775 3838 Ahter
3821 3790 4037 3837 tamen
4079 3774 4315 3844 Sueto-

1516 3842 1801 3939 Tacitus,
1818 3842 1971 3910 Hist·
1999 3845 2064 3922 1,
2083 3846 2211 3925 7&
2234 3866 2332 3927 37.
2352 3853 2617 3916 Sueton.
2640 3853 2710 3917 in
2736 3792 2879 3917 Gaff-
2954 3851 3094 3916 nius
3113 3850 3189 3915 in
3207 3853 3446 3930 Galba,
3474 3854 3555 3942 II.
3583 3851 3802 3914 Neroni
3830 3851 4019 3912 Galba
4027 3849 4314 3932 flacceffit,

1518 3922 1638 3998 ba,
1674 3924 1779 3981 XI·
2955 3930 3103 3993 nullo
3152 3929 3339 4012 gradu
3385 3947 3715 4009 contzngens
3755 3928 4038 4008 Coefizrum
4080 3928 4312 3991 domum.

1602 4007 1626 4034 ²
1654 4001 1962 4089 Cronium
1980 4001 2327 4080 Mincium]
2354 4008 2451 4071 De
2485 4007 2726 4074 Clodio
2751 4009 2881 4073 Ma·
2957 4014 3039 4074 At
3092 4005 3386 4073 Suetonii
3427 4007 3624 4069 verba
3680 4007 4105 4091 intelligenda
4155 4008 4313 4073 mihi

1518 4097 1631 4142 cro
1664 4076 1918 4157 ejusque
1952 4081 2224 4145 nummis
2271 4084 2420 4148 vide
2467 4086 2633 4151 infra
2675 4088 2880 4155 Notas
2959 4087 3256 4150 videntur
3279 4086 3357 4148 de
3394 4085 3684 4166 gradibus
3708 4088 4314 4172 consanguinitatis,

1521 4158 1595 4224 &
1620 4156 2110 4229 Emendationes
2141 4162 2221 4223 ad
2258 4161 2409 4224 Hist.
2448 4168 2520 4242 Ι,
2567 4187 2661 4228 11.
2956 4184 3093 4226 non
3137 4165 3292 4227 vero
3322 4163 3399 4226 de
3429 4163 3749 4229 affinitate.
3773 4169 3975 4248 Hujus
3997 4168 4317 4233 affinitatis

1608 4246 1629 4290 ³
1674 4239 1909 4327 Vonuo,
1953 4239 2263 4313 Lacona,
2313 4242 2566 4320 Icaro]
2635 4245 2733 4307 De
2775 4241 2879 4307 his
2958 4242 3127 4307 forte
3199 4240 3363 4307 testis
3440 4243 3523 4307 est
3575 4264 3870 4310 nummus
3922 4264 4253 4328 *argenteus
4293 4294 4317 4323 ,

1521 4314 1699 4400 plura
1728 4313 1888 4377 infra
1926 4337 2059 4397 cap.
2092 4324 2199 4391 96.
3005 4321 3070 4384 ui
3106 4319 3229 4388 fuit
3257 4321 3326 4385 in
3379 4322 3596 4387 Museo
3643 4326 3925 4407 Collegii
3992 4327 4320 4391 Ludovici

1601 4405 1634 4445 4
1676 4396 2119 4461 Mn-ummns
2143 4399 2456 4489 Pom-rer]
2483 4399 2883 4465 Plutarch-in
3030 4400 3219 4482 agni:
3280 4403 3446 4465 IMP.
3493 4405 3660 4468 sER.
3735 4408 4022 4470 GALBA
4089 4409 4323 4469 CAES.

1526 4472 1770 4548 Galba,
1804 4494 1877 4566 pa
1925 4520 1942 4538 .
2000 4481 2179 4560 1058.
2224 4476 2616 4543 Mithridates
2656 4479 2883 4545 oriun-
2964 4480 3162 4544 AVG.
3201 4481 3428 4561 Capite
3455 4481 3755 4548 laureato.
3787 4489 3859 4547 In
3889 4501 4059 4564 parte
4081 4483 4320 4560 postica

1528 4553 1678 4628 dus,
1709 4570 1777 4616 ut
1801 4575 1868 4616 vr
1916 4572 2094 4630 etur,
2120 4556 2306 4620 Ponti
2328 4557 2596 4635 regibus.
2955 4562 3163 4624 DlVA
3210 4564 3545 4626 AVGVST
3549 4566 3626 4625 A.
3697 4562 3890 4627 Livii
3953 4562 4064 4624 sub
4109 4560 4319 4642 effigie

1612 4642 1629 4685 5
1676 4635 2001 4700 Crucomo
2054 4633 2417 4714 Vanaoua]
2464 4635 2776 4702 Plutarch.
2812 4637 2879 4700 in
2959 4639 3212 4704 Pietatis
3258 4640 3552 4721 expressa.

1530 4708 1772 4781 Galba,
1816 4731 1950 4800 pag.
2003 4735 2179 4794 ¹059·
2238 4717 2566 4795 Perperam
2613 4717 2882 4784 Latinus
3041 4719 3067 4760 ⁸
3111 4723 3511 4785 Nvm’umm
3564 4720 3796 4794 ιτηιο]
3842 4713 4321 4798 Nymphidius,

1527 4785 1837 4850 Plutarch1
1884 4792 2190 4872 interpres
2225 4816 2370 4858 eum
2410 4797 2684 4878 appellat
2721 4794 2887 4859 Cico-
2961 4796 3128 4862 filius
3162 4803 3338 4881 Nym
3380 4795 3599 4870 hidiae,
3632 4796 3735 4870 δε,
3767 4811 3839 4859 ut
3859 4794 4159 4876 opinatur
4184 4801 4327 4861 Plu·

1527 4862 1683 4950 m'unr
1707 4864 2036 4931 Varronem.
2060 4876 2195 4934 Jam
2220 4894 2607 4943 memoratus
2628 4875 2712 4941 est
2736 4879 2890 4945 Cin·
2963 4877 3206 4941 tarchus
3233 4879 3303 4939 in
3340 4820 3581 4953 balbi,
3616 4893 3753 4956 pag.
3806 4897 3880 4939 ιο
3886 4884 3989 4959 56.
4025 4874 4325 4944 Martiani

1531 4958 1760 5022 gemus
1794 4948 1992 5011 Varro
2014 4993 2035 5026 ‚
2062 4953 2294 5016 Annal-
2328 4955 2473 5022 xlv
2491 5003 2513 5036 ,
2561 4975 2664 5038 45.
2962 4954 3354 5034 gladiatoris.

4188 5042 4331 5127 seu
