4975 6149
930 379 1104 469 AN
1109 384 1199 469 N
1205 374 1585 467 ALIUM
1646 377 1996 465 LIBER
2067 375 2586 463 DECIMUS
2652 374 3113 465 SEXTUS.
3255 394 3303 463 '2
3327 393 3439 489 65

640 546 1034 628 »tumcui
1057 544 1321 658 prima
1335 567 1516 626 aetas
1541 600 1570 645 ,
1595 542 2230 653 exstinguuntur.
2261 539 2649 624 Accusati
2683 544 2855 656 post
2884 538 3372 656 sepulturam
3408 573 3432 641 3
3480 573 3714 616 --:-:÷³

632 671 1281 782 »decretumque
1315 728 1347 773 ,
1403 695 1497 752 ut
1548 696 1776 752 more
1832 662 2230 774 majorum
2283 668 2757 780 punirentur
2814 680 2836 714 ¹
2902 703 2990 752 ».
3040 668 3147 752 Et
3190 674 3425 756 Nero
3477 647 3710 701 nuc.

635 798 1069 883 intercessit
1113 856 1146 902 ,
1215 821 1567 879 mortem
1624 795 1788 878 fine
1862 791 2162 878 arbitro
2221 795 2694 909 permittens
2746 822 2765 869 τ
2839 825 2933 879 ea
2975 854 3006 899 ,
3080 796 3424 885 caedibus
3517 740 3663 901 {lg

636 926 1025 1039 peraEIiS,
1072 920 1418 1007 ludibria
1490 917 2101 1029 adjiciebantur.
3539 942 3648 1019 65.

527 1070 583 1161 ,ς
766 1052 989 1134 XII.
1054 1051 1143 1136 P.
1215 1052 1610 1133 GALLUS
1635 1107 1667 1152 ‚
1735 1078 1976 1158 eques
2014 1050 2497 1152 Romanus,
2546 1049 2767 1159 quod
2808 1051 3067 1134 Fenio
3117 1052 3344 1139 Rufo
3386 1061 3426 1137 ².

638 1178 1025 1283 intimus,
1079 1185 1163 1262 ὅ(
1197 1178 1482 1265 Veteri
1524 1205 1691 1259 non
1743 1171 2051 1259 alienus
2093 1174 2405 1280 fuerat,
2459 1171 2663 1285 aqua
2708 1202 2945 1286 atque
2995 1181 3165 1289 igni
3225 1200 3423 1294 pro-1

638 1302 943 1390 hibitus
996 1308 1130 1390 est.
1200 1302 1537 1388 Liberto
1597 1310 1681 1386 &
1726 1303 2176 1386 accusatori
2225 1306 2639 1415 praemium
2677 1333 2934 1417 operae
2966 1363 2996 1407 ‚
3046 1302 3279 1390 locus
3330 1310 3418 1393 in

638 1432 966 1516 theatro
1026 1435 1236 1516 inter
1304 1408 1652 1515 iriatores
1717 1427 2198 1513 tribunicios
2252 1439 2274 1486 ³
2376 1431 2633 1513 datur.
2692 1429 2798 1511 Et
2855 1432 3139 1514 mensis
3178 1491 3205 1534 ‚
3279 1436 3420 1543 qui

636 1556 1043 1671 Aprilem,
1071 1558 1607 1668 eumdemque
1640 1555 2091 1638 Neroneum
2130 1553 2649 1665 sequebatur,
2684 1555 2956 1640 Maius
2985 1559 3298 1637 Claudii
3320 1570 3359 1619 4
3385 1579 3423 1663 ,'

483 1701 589 1758 10
637 1684 924 1773 Junius
967 1685 1492 1788 Germanici,
1538 1680 1962 1767 vocabulis
1994 1708 2447 1765 mutantur:
2495 1683 2965 1766 testificante
3022 1683 3418 1769 Cornelio

557 1900 564 1905 ,
636 1810 995 1924 Orphito
1023 1871 1050 1916 ,
1099 1815 1238 1922 qui
1290 1811 1376 1895 id
1435 1810 1853 1895 censuerat
1886 1869 1915 1914 ,
1969 1842 2014 1884 «
2068 1808 2254 1891 ideo
2308 1811 2644 1900 Junium
2691 1810 3046 1892 mensem
3088 1818 3114 1874 5
3168 1812 3423 1895 trans-

631 1967 678 2014 »
697 1938 1012 2022 missum
1034 1999 1066 2044 ,
1091 1940 1277 2050 quia
1303 1937 1465 2023 duo
1483 1934 1645 2044 jam
1666 1938 2064 2048 Torquati
2095 1932 2131 1981 ⁶
2151 1996 2183 2039 ‚
2212 1933 2316 2019 ob
2343 1932 2643 2019 scelera
2667 1936 3100 2040 interfeEti,
3125 1937 3425 2032 infaufi

637 2094 684 2140 >2
703 2090 874 2146 tum
926 2096 1224 2148 nomen
1270 2066 1607 2156 Junium
1645 2065 2014 2149 fecissent
2061 2098 2148 2147 ».

766 2190 1033 2274 XIII.
1100 2194 1319 2278 To'r
1381 2190 1878 2277 facinoribus
1907 2191 2222 2274 foedum
2250 2220 2551 2275 annum
2582 2189 2825 2274 etiam
2859 2190 2972 2273 dii
3010 2192 3421 2303 tempesta-

478 2333 580 2415 15
638 2313 847 2401 tibus
892 2327 976 2403 &
1015 2318 1316 2404 morbis
1354 2320 1863 2431 insignivere.
1909 2321 2230 2405 Vastata
2271 2318 2720 2432 Campania
2766 2314 3085 2400 turbine
3121 2343 3419 2400 vento-

633 2472 810 2524 rum
836 2504 865 2549 ,
921 2448 1059 2556 qui
1110 2444 1400 2551 villas,
1450 2444 1758 2531 arbusta
1781 2461 1808 2550 ,’
1856 2446 2126 2559 fruges
2185 2444 2455 2560 passim
2499 2440 2818 2551 disjecit
2857 2471 2881 2539 ;
2924 2439 3421 2557 pertulitque

631 2566 1107 2656 violentiam
1155 2573 1256 2658 ad
1299 2575 1573 2659 vicina
1607 2572 1853 2657 Urbi:
1896 2576 1981 2656 in
2005 2569 2168 2687 qua
2199 2602 2442 2657 omne
2479 2566 2945 2656 mortalium
2991 2599 3245 2682 genus
3296 2571 3423 2655 vis

633 2694 1095 2809 pestilentiae
1181 2709 1211 2756 ⁷
1283 2699 1925 2813 depopulabatur
1971 2760 2000 2805 ,
2067 2695 2295 2782 nulla
2369 2695 2544 2783 caeli
2625 2700 3100 2810 intemperie
3149 2754 3178 2799 ,
3248 2725 3420 2808 quae

636 2850 1100 2908 occurreret
1151 2824 1439 2910 oculis.
1493 2826 1657 2909 Sed
1707 2827 1994 2909 domus
2059 2824 2535 2940 corporibus
2592 2825 2982 2910 exanimis
3025 2882 3054 2926 ‚
3100 2825 3420 2909 'itinera

459 2974 585 3030 20
636 2946 1049 3035 funeribus
1082 2949 1727 3064 complebantur.
1757 2956 1962 3049 Non
1987 2953 2218 3036 sexus
2247 3012 2279 3057 ,
2321 2942 2492 3036 non
2518 2979 2696 3037 aetas
2729 2945 3094 3066 periculo
3129 2969 3422 3035 vacua.

633 3076 978 3161 Servitia
1044 3079 1377 3192 perinde
1435 3087 1516 3163 &
1575 3082 1927 3189 ingenua
1986 3077 2264 3193 plebes
2336 3083 2631 3195 raptim
2693 3079 3143 3187 exstingui,
3200 3079 3415 3159 inter

631 3198 1081 3317 conjugum
1129 3213 1223 3289 ,δε
1271 3203 1717 3291 liberorum
1769 3203 2177 3305 lamenta3
2251 3209 2390 3319 qui
2448 3207 2651 3293 dum
2720 3203 3075 3290 adsident
3120 3261 3149 3305 ,
3217 3202 3415 3286 dum

711 3432 732 3463 ¹
778 3424 977 3488 Mona
1031 3448 1349 3495 maroam-t
1399 3432 1986 3510 rmraauwn]De
2056 3429 2330 3494 Claudius
2402 3430 2593 3512 Coefitr
2672 3426 2951 3510 Augustus
3019 3422 3415 3486 Germanicus.

629 3499 756 3564 hoc
778 3503 1080 3582 supplicio
1120 3508 1248 3584 jam
1277 3508 1510 3574 diuum
1546 3511 1724 3591 supra
1752 3513 1980 3576 Annal.
2054 3510 2369 3576 Menfibus
2421 3511 2596 3575 Maio
2659 3509 2729 3573 &
2768 3506 2959 3572 Junio
2998 3503 3209 3596 indita
3240 3499 3414 3562 Clau-

630 3581 778 3643 XIV
801 3627 821 3655 φ
850 3587 953 3658 48·
2055 3591 2132 3651 dii
2160 3593 2232 3654 δε
2257 3590 2584 3651 Germanici
2610 3587 2874 3652 nomina
2895 3633 2914 3662 ,
2955 3599 3026 3647 ut
3052 3582 3218 3645 foeda
3248 3580 3406 3642 adu-

707 3665 734 3753 „²
779 3660 984 3722 Frzmo
1031 3662 1203 3724 Rufo
1237 3667 1267 3738 ]
1308 3666 1406 3729 De
1444 3688 1574 3747 quo
1619 3668 1854 3733 dietum
1893 3670 1985 3731 su·
2057 3668 2299 3732 latione
2333 3685 2550 3747 quarta
2569 3666 2720 3730 anni
2747 3688 2879 3747 pars
2908 3682 3147 3727 nomen
3171 3679 3207 3722 a
3230 3659 3413 3739 pessi-

621 3757 736 3817 pra
778 3739 1006 3802 Annal.
1037 3742 1153 3803 XV
1174 3787 1193 3816 ,
1219 3747 1298 3802 66
1324 3744 1394 3805 δε
1419 3751 1526 3805 68.
2057 3768 2163 3810 mo
2203 3745 2493 3826 Principe
2536 3746 2847 3824 acciperet

707 3826 728 3869 Ξ
773 3820 971 3908 lmen·
995 3840 1749 3913 warengum-umcros
1776 3827 1806 3901 ]
1829 3822 1986 3900 Qui·
2139 3835 2157 3880 5
2204 3827 2448 3886 Jumuu
2478 3826 2787 3900 Mensam]
2824 3822 3069 3903 Menftm
3090 3864 3110 3895 ,
3155 3834 3224 3882 ut
3263 3814 3416 3896 opi-i

626 3894 745 3985 bus
795 3896 901 3959 vel
952 3917 1022 3958 m
1074 3898 1373 3962 subselliis
1431 3902 1824 3976 tribuniciiS,
1877 3901 1983 3963 vel
2057 3923 2212 3980 nor,
2241 3902 2574 3965 redundat.

629 3993 709 4034 ns
794 3975 1081 4053 proxime
1144 3979 1320 4042 locus
1383 3977 1507 4044 fuit
1565 3981 1636 4043 in
1713 3979 1982 4044 theatro.
2135 3985 2164 4023 ⁶
2204 3982 2352 4045 Duo
2396 3983 2809 4057 Toan-rr]
2845 3978 3075 4043 Lucius
3116 3979 3417 4057 Torqua-

629 4053 825 4116 Porro
851 4058 993 4115 cum
1025 4055 1260 4119 tribuni
1308 4058 1509 4138 plebis
1551 4060 1802 4124 lietores
1846 4080 1981 4123 non
2055 4076 2154 4124 tus
2184 4061 2254 4124 &
2287 4076 2538 4141 patruus
2569 4060 2699 4122 e'us
2727 4061 3089 4141 Torquatus
3131 4056 3373 4118 Silanus
3394 4099 3417 4126 ,

626 4127 977 4208 haberent,
1023 4132 1171 4221 ‘illis
1233 4135 1511 4203 viatores
1575 4160 1651 4222 ap
1697 4139 1979 4204 arebant.
2055 4157 2126 4204 ut
2167 4139 2402 4204 dietum
2452 4139 2537 4202 est
2606 4140 2754 4218 upra
2800 4157 2933 4219 cap.
2975 4139 3033 4199 8.
3089 4135 3162 4198 ὃ(
3190 4130 3420 4195 Annal.

626 4209 759 4270 Cur
789 4212 949 4299 vero
977 4210 1331 4275 dicerentur
1367 4218 1611 4279 viatores
1681 4236 1830 4283 ocet
1854 4222 1983 4283 Co·
2054 4223 2208 4297 XV,
2247 4241 2272 4297 3
2288 4238 2344 4302 5.
3255 4286 3266 4298 .

625 4285 885 4375 lamella
932 4289 1274 4376 m·Praefat.
1317 4291 1396 4354 de
1443 4298 1536 4357 Re
1582 4297 1806 4362 Rustic.
1852 4297 1981 4360 Illis
2131 4311 2158 4354 7
2202 4305 2315 4365 Vrs
2362 4315 2788 4360 Ρεετιιεκτιε.
2828 4297 2859 4370 ]
2904 4292 3083 4352 Hanc
3124 4285 3424 4374 pestilen-

624 4385 772 4425 emm
797 4362 1161 4441 temporzbus,
1193 4385 1252 4425 ur
1273 4373 1405 4427 ante
1417 4372 1537 4448 jam
1561 4372 1838 4453 diximus,
1857 4399 1981 4452 pro·
2054 4376 2208 4440 tiam
2231 4425 2251 4453 ‚
2328 4398 2420 4438 uoe
2457 4388 2765 4435 autumno
2800 4368 2996 4431 saeviit
3015 4410 3034 4437 ‚
3065 4367 3136 4428 δε
3168 4377 3429 4451 trrgtnta

625 4463 780 4504 ceres
836 4440 1084 4505 civitatis
1133 4443 1193 4503 in
1253 4445 1412 4524 agris
1449 4448 1806 4512 morabantur
1843 4479 1862 4511 .-
1917 4455 1979 4515 ὃ·
2055 4455 2258 4517 millia
2362 4450 2658 4515 ominum
2743 4442 3076 4521 absumpsit
3114 4487 3134 4517 ,
3185 4441 3429 4503 morbts

627 4543 752 4582 cum
797 4521 1073 4604 confilium
1130 4521 1408 4598 publicum
1457 4523 1903 4608 desiderabatur,
1952 4553 1981 4591 e
2057 4533 2393 4607 ἐπιδημίας,
2438 4520 2715 4585 maladies
2739 4520 3134 4598 έγὶᾱέηιὶᾳιιες,
3179 4519 3433 4597 potius,

626 4599 779 4664 villis
828 4600 1229 4684 arceffebantur
1265 4601 1328 4662 in
1348 4603 1612 4683 senatum
1643 4649 1662 4679 ,
1728 4624 1799 4664 ex
1883 4628 1978 4679 uo,
2062 4611 2252 4688 quam
2297 4603 2609 4685 pestibus,
2665 4600 2759 4661 ob
2814 4597 3111 4678 exiguum
3131 4612 3438 4686 'mortuo-

622 4679 714 4761 qui
742 4699 831 4739 eos
852 4680 1193 4758 evocabant,
1233 4680 1496 4746 Viatores
1535 4680 1809 4743 nominati
1825 4628 1982 4763 fient.
2063 4705 2202 4746 rum
2237 4697 2578 4745 numerum
2599 4718 2618 4746 ‚
2660 4694 3239 4739 annumeraverim.
3272 4673 3441 4736 vide

702 4767 735 4806 4
753 4759 963 4824 Mnus
983 4763 1297 4838 Craunn]
1317 4764 1518 4836 Ner0,
1539 4775 1611 4825 ut
1644 4762 1884 4825 constat
1908 4782 1987 4822 ex
2066 4765 2271 4823 Notas
2309 4752 2911 4818 &Emendationes
2936 4753 3015 4816 ad
3036 4753 3450 4824 Annal.XVI,

623 4837 897 4899 nummis
922 4886 939 4914 ,
961 4841 1388 4919 appellabatur
1411 4844 1645 4904 NERO
1671 4840 1987 4904 CLAVD.
2079 4860 2097 4895 1
2116 4833 2298 4911 3.1bi
2322 4830 2527 4923 ‘simul
2543 4830 2849 4921 'de-peste
2886 4848 3098 4921 agetur
3118 4877 3148 4904 ,
3169 4829 3294 4909 qua
3312 4831 3453 4892 Ro·-

621 4915 958 4982 CAESAR.
1007 4920 1201 4982 AVG.
1249 4922 1502 4987 GERM.
1567 4919 1639 4986 id
1697 4920 1783 4985 est
1815 4919 1991 5013 'Nero
2070 4934 2172 4979 ma
2185 4962 2224 5018 ’x
2250 4914 2420 4976 Tito
2460 4911 3188 4993 Prmcrpe‚confl16tata
3216 4908 3320 4976 est.

948 5004 1162 5088 Tom.
1198 5007 1311 5094 Il.
2901 4994 3037 5088 Ll
