4975 6149
947 401 1601 493 ANNALIUM
1661 404 2006 494 LIBER
2072 404 2587 500 DECIMUS
2652 411 3166 506 TERTIUS.
3315 451 3344 505 1
3365 453 3408 529 3
3438 455 3468 507 1

681 568 1416 680 eximebanturque
1463 569 1706 652 etiam
1754 597 1923 679 quae
1972 571 2449 657 testamento
2481 581 2756 663 matris
2780 640 2807 683 ,
2848 607 2987 666 aut
3029 586 3220 668 aviae
3249 614 3479 673 acce·
3524 617 3757 672 ΞΞΞ

682 707 1019 825 perant)
1072 701 1160 781 in
1201 693 1499 781 insulas
1534 692 1906 781 Baleares
1944 707 1967 742 ¹
2011 695 2387 814 pellitur:
2427 730 2595 784 non
2625 707 2710 786 in
2745 708 2919 819 ipso
2953 709 3412 800 discrimine
3438 777 3468 821 ,
3522 699 3755 760 *³⁰⁴²

682 863 852 917 non
884 828 1062 946 post
1092 824 1698 911 damnationem
1732 822 2020 908 fraaus
2051 827 2348 910 animo·
2387 830 2456 912 F
2458 824 2983 943 erebaturque
3014 841 3345 951 copiosa
3445 836 3451 841 ’
3529 920 3534 925 .
3551 789 3599 951 ξ
3613 810 3710 956 ιζ

679 955 924 1043 m‘olli
977 952 1145 1039 vitii
1184 952 1586 1039 secretum
1626 948 1832 1035 illud
1868 947 2350 1038 toleravisse.
2401 951 2705 1039 Filium
2745 954 2916 1067 ejus
2968 965 3058 1045 Ν
3063 965 3467 1053 erulinum
3563 936 3715 1073 ἐς..

585 1111 628 1197 5
684 1080 1056 1197 adgressis
1105 1076 1704 1164 accufiatoribus
1739 1106 1882 1195 per
1926 1080 2314 1164 invidiam
2368 1084 2611 1194 patris
2637 1128 2680 1186 ,⁷
2711 1091 2793 1169 ὃ(
2860 1089 3195 1173 crimina
3246 1122 3470 1207 repe-

680 1210 1119 1297 tundarum
1162 1264 1193 1315 ‚
1254 1203 1689 1292 intercessit
1751 1206 2134 1324 Princeps
2160 1266 2191 1314 ‚
2239 1234 2651 1319 tamquam
2714 1211 2899 1299 satis
2965 1212 3285 1330 expleta
3336 1219 3468 1304 ul-

688 1341 943 1422 tione.
3173 1414 3179 1419 .
3383 1359 3394 1372 ·

680 1516 693 1523 -
820 1463 1167 1553 XLIV.
1232 1462 1423 1544 PER
1475 1484 1721 1543 1DEM
1769 1484 2088 1576 tempus
2141 1461 2527 1547 O&avius
2586 1466 2949 1576 Sagittaj
3005 1465 3274 1583 plebei
3337 1473 3470 1557 tri-‘

689 1587 951 1673 bunus
977 1649 1005 1694 ,
1058 1590 1365 1673 Pontia:
1395 1644 1426 1690 ‚
1474 1585 1835 1671 mulieris
1885 1611 2202 1702 nuptae,
2256 1616 2526 1674 amore
2591 1620 2878 1675 vecors
2907 1652 2937 1694 ,
2998 1595 3465 1707 ingentibus

548 1733 636 1811 ἰο
689 1717 924 1803 donis
962 1711 1449 1801 adulterium
1477 1772 1506 1817 ‚
1559 1721 1644 1798 ὅ(
1691 1743 1888 1799 mox
1924 1739 2015 1798 ut
2060 1716 2472 1800 omitteret
2503 1718 2923 1823 maritum,
2954 1712 3462 1822 emereatur3

679 1844 918 1929 suum
956 1842 1561 1927 matrimonium
1590 1845 2115 1958 promittens,
2165 1873 2261 1926 ac
2319 1844 2638 1957 nuptias
2700 1841 2869 1950 ejus
2932 1851 3226 1960 paclus.
3297 1852 3462 1934 Sed

685 1968 843 2053 ubi*
872 1967 1165 2055 mulier
1224 1998 1483 2056 vacua
1530 1969 1689 2052 fuit
1727 1977 1803 2073 ²,
1877 1969 2191 2051 netlere
2250 1999 2517 2053 moras
2544 2028 2573 2073 ,
2667 2003 2712 2045 «
2743 1971 3154 2056 adversam
3215 1979 3462 2091 patris

688 2093 1266 2181 »voluntatem
1292 2129 1339 2171 »
1387 2097 1741 2200 causari,
1780 2090 2253 2211 repertaque
2296 2097 2432 2210 spe
2463 2094 2774 2179 ditioris
2819 2095 3190 2210 conjugis
3215 2159 3242 2202 ,
3286 2131 3461 2214 pro-

682 2223 906 2308 miffa
967 2250 1285 2306 exuere.
1344 2224 1731 2308 Oaavius
1781 2219 2067 2311 contra
2128 2221 2379 2305 modo
2437 2225 2879 2331 conqueri,
2930 2225 3181 2308 modo
3234 2229 3463 2308 mini-

548 2372 627 2453 ις
684 2336 886 2453 tari,
962 2382 1009 2425 α
1036 2349 1334 2433 [ειτηειιῃ
1385 2351 1779 2466 perditam
1815 2409 1844 2454 ,
1899 2350 2330 2467 pecuniam
2384 2350 2844 2432 exhaustam
2881 2383 2926 2425 »
2999 2348 3454 2435 obtestans:

682 2475 1035 2586 denique
1081 2471 1421 2561 salutem
1448 2539 1477 2582 ,
1530 2507 1699 2590 quae
1737 2474 1910 2562 sola
1940 2474 2249 2589 reliqua
2277 2475 2519 2579 esset,
2559 2471 2889 2559 arbitrio
2931 2472 3099 2582 ejus
3137 2479 3459 2592 permit-

678 2629 886 2688 tens·
918 2603 1048 2687 Ac
1100 2605 1514 2720 postquam
1553 2602 2111 2721 spernebatur,
2156 2636 2203 2678 c<
2228 2606 2547 2688 nostem
2592 2631 2837 2686 unam
2874 2600 2974 2686 ad
3005 2599 3464 2694 solatium»,

681 2731 952 2844 poscit
990 2788 1020 2833 ,
1116 2726 1344 2841 «qua
1394 2728 1773 2817 delinitus
1804 2792 1832 2837 ,
1911 2727 2250 2814 modum
2315 2732 2400 2813 in
2472 2730 2872 2844 posterum
2924 2726 3340 2814 adhiberet
3366 2750 3458 2814 »’.

684 2859 1077 2940 Statuitur
1131 2886 1324 2945 nox,
1367 2857 1474 2942 Et
1502 2860 1793 2958 Pontia
1843 2858 2183 2942 conscia:
2233 2852 2545 2940 ancillae
2602 2854 3039 2939 custodiam
3092 2852 3459 2941 cubiculi

538 3010 638 3067 20
692 2983 1040 3067 mandat.
1096 2979 1309 3090 Ille,
1360 3015 1531 3070 uno
1584 3017 1771 3072 cum
1824 2983 2171 3089 liberto,
2217 2981 2519 3066 ferrum
2578 2982 2790 3064 veste
2858 2977 3280 3065 occultum
3340 2983 3455 3094 in·-

691 3109 874 3194 fert.
928 3111 1196 3215 Tum,
1236 3138 1332 3196 ut
1376 3110 1687 3199 adsolet
1748 3117 1836 3196 in
1898 3141 2171 3196 amore
2218 3118 2303 3193 ὅ(
2356 3105 2524 3213 ira,
2573 3104 2881 3219 jurgia,
2932 3137 3213 3221 preces
3242 3157 3270 3211 5
3322 3136 3455 3190 ex·-

684 3233 1095 3352 probratio
1124 3298 1153 3343 ‚
1182 3238 1607 3325 satisfaCtio
1641 3251 1664 3301 ³
1697 3299 1726 3344 ,
1765 3247 1850 3324 ὅ(
1898 3266 2074 3355 pars
2109 3232 2621 3325 tenebrarum
2651 3230 2986 3316 libidine
3021 3232 3359 3345 seposita
3387 3241 3460 3315 44

680 3363 789 3448 Et
829 3367 1104 3475 questu
1138 3374 1165 3430 5
1208 3368 1621 3471 incensus,
1656 3363 1863 3450 nihil
1909 3388 2409 3449 metuentem
2441 3359 2657 3446 ferro
2706 3355 3336 3462 transverberat,
3366 3364 3453 3441 ὅ(

688 3517 1244 3577 accurrentem
1300 3492 1683 3581 ancillam
1766 3488 2106 3578 vulnere
2169 3477 2542 3574 absterret
2582 3546 2611 3589 ,
2672 3479 3212 3594 cubiculoque
3277 3513 3456 3598 pro-

540 3633 632 3718 25
685 3619 1014 3731 runspit.
1038 3616 1351 3703 Postera
1381 3620 1511 3705 die
1539 3620 1951 3706 manifesta
1984 3617 2238 3706 caedes
2252 3675 2282 3718 ,
2316 3613 2534 3699 haud
2561 3611 2983 3724 ambiguus
3012 3608 3449 3723 percussor:

686 3747 982 3859 quippe
1055 3747 1493 3833 mansitasse
1566 3745 1729 3832 una
1789 3740 2451 3834 convincebatur.
2524 3738 2686 3824 Sed
2748 3735 3082 3821 libertus
3146 3768 3189 3810 (ε
3218 3735 3453 3818 suum

682 3869 955 3956 »illud
994 3871 1381 3991 facinus»
1440 3877 1852 3991 profiteri,
1914 3907 1962 3952 <t
1989 3874 2071 3956 se
2123 3870 2441 3986 patroni
2482 3861 2810 3975 injurias
2861 3858 3126 3948 ultum
3175 3859 3329 3945 effe
3360 3879 3459 3947 »a

686 3996 1426 4116 commoveratque
1450 4002 1838 4116 quosdam
1851 3995 2407 4120 magnitudine
2431 3989 2814 4110 exempli:
2832 3990 3098 4078 donec
3123 3983 3454 4109 ancilla,

777 4251 801 4281 ¹
845 4244 915 4304 Iu
945 4245 1204 4309 Iusums
1235 4249 1625 4329 Rammius]
1667 4249 1859 4314 Nunc
1887 4244 2031 4307 Ma·
2178 4252 2499 4322 Suspiciones,
2541 4250 2838 4309 inimicitie,
2872 4245 3101 4310 induciaeg

680 4318 879 4400 jor-que
914 4321 985 4385 δι
1018 4321 1327 4404 Minorque.
2179 4343 2405 4404 aguam,
2434 4360 2533 4413 pax
2559 4342 2757 4410 nasum

771 4409 803 4439 ²
844 4404 1073 4464 Vacua
1099 4422 1237 4467 rur-r
1259 4406 1544 4483 JOmiss'o
1560 4406 1812 4472 marito.
1834 4413 2030 4467 Vacua
3197 4463 3202 4468 .

690 4491 845 4543 tunc
867 4479 1100 4544 mulier
1134 4482 1486 4563 dicebatur,
1572 4486 1701 4550 uod
1741 4484 2032 4549 vacatio·
2188 4505 2222 4545 4
2260 4499 2567 4559 memn
2587 4494 2930 4567 seposta]
2955 4484 3180 4550 Melius
3210 4481 3456 4579 libidini·

693 4576 841 4648 nem
887 4557 1151 4623 haberet
1207 4583 1283 4625 ex
1346 4565 1487 4645 lege
1562 4563 1689 4626 ulia
1747 4562 2030 4643 Poppaea.
2197 4585 2216 4631 s
2266 4577 2356 4641 ΕΤ
2398 4573 2694 4648 quus-ru]
2741 4569 3087 4633 observare
3129 4563 3315 4628 liceat
3335 4583 3452 4628 m.

694 4636 855 4698 v1de
898 4637 1216 4703 eruditum
1249 4642 1627 4709 Briffonium
1659 4642 1731 4706 in
1784 4642 2030 4705 Lexico
2113 4651 2286 4715 nime
2333 4651 2709 4714 laudandam
2763 4647 2881 4711 effe
2927 4644 3112 4718 hanc,
3143 4642 3452 4709 orationis

696 4714 889 4776 lutis:
915 4719 1116 4782 verbo
1144 4766 1165 4795 ,
1188 4719 1452 4784 Vacatio.
2113 4729 2566 4811 negligentiam
2586 4772 2608 4803 ,
2638 4724 2717 4786 Et
2751 4723 2958 4787 Pontia
2980 4768 2997 4785 .
3022 4766 3040 4787 .
3058 4769 3074 4785 .
3117 4721 3180 4784 ὓ·
3216 4722 3342 4789 ira.
3361 4766 3411 4786 ..
3431 4766 3452 4785 .

778 4803 800 4847 ³
841 4795 1257 4862 SAnsrAcrlo
1307 4802 1339 4878 ]
1389 4800 1722 4869 Terentius
1756 4844 1779 4877 ,
1829 4800 2037 4864 Eunu·
2118 4806 2179 4868 &-
2209 4827 2461 4885 par-s...
2516 4803 2579 4865 fa*
2613 4802 2905 4886 westan:
2947 4801 3009 4864 Cr
3057 4821 3455 4864 accurrentem.

699 4865 851 4932 chus
886 4873 913 4930 1
946 4876 1076 4938 Act.
1113 4878 1181 4954 1,
1221 4898 1315 4955 14.
2114 4889 2201 4949 At
2237 4884 2537 4966 vitiosum
2564 4900 2758 4965 puto,
2801 4881 2863 4944 Cr
2901 4881 3101 4965 questu.
3130 4881 3293 4948 Vide
3322 4882 3459 4943 No-

761 4966 1003 5026 lnamore
1025 4972 1124 5028 hec
1146 4974 1307 5036 omnia
1336 4974 1491 5043 insum
1517 4977 1634 5036 vitia
1651 5002 1669 5038 .·
1692 4976 1904 5053 ἱηῂινίεεξ4
2022 4967 2025 4970 ’
2121 4981 2209 5033 tas
2231 4966 2301 5036 ὃς
2320 4963 2772 5037 Emendation.
2796 4963 2877 5032 ad
2890 4961 3119 5029 Annal.
3141 4962 3284 5022 XIII
3308 5004 3328 5035 ,
3353 4976 3455 5035 44·

3035 5043 3204 5165 Rij
