4975 6149
1470 433 1652 512 324
2058 378 3703 485 SUPPL'EMENTUM

1183 598 1421 647 ΞΕ
1465 564 1915 684 »plangere
1958 560 2363 673 inciperet
2405 589 2491 642 »t
2539 558 2794 644 modo
2845 586 3077 645 orare
3105 615 3135 663 ‚
3191 584 3284 643 ut
3327 590 3374 635 c<
3428 555 3510 643 se
3564 551 3856 668 aliquis
3902 545 4006 642 ad
4054 587 4281 643 mor-

1186 682 1422 735 Λϋο·
1469 724 1701 781 »tem
1771 686 2326 804 capessendam
2376 685 2761 803 exemplo
2826 685 3143 798 juvaret
3204 719 3301 769 »t
3365 682 3777 769 interdum
3847 684 4278 800 segnitiem

1232 774 1378 943 3sz
1476 825 1697 907 suam
1726 820 2140 931 increpare
2185 826 2245 900 ¹.
2289 815 2676 902 Inanibus
2728 814 2992 901 verbis
3040 812 3286 900 robur
3337 810 3634 896 indidit
3661 810 4278 901 adventantium

1254 980 1365 1045 68.
1475 951 1840 1063 equitum
1882 945 2216 1028 sonituS.
2248 943 2549 1049 Tunc,
2598 944 3139 1056 ignominiam
3166 938 3792 1044 exhorrescens,
3817 943 4276 1031 Homerico

1478 1075 1718 1165 versu
1756 1082 1788 1118 ²
1835 1069 2332 1186 trepidanter
2379 1073 2730 1155 recitato
2758 1128 2790 1177 ‚
2838 1072 3140 1156 ferrum
3168 1127 3198 1172 ‚
3222 1063 3557 1178 juvante
3596 1065 4160 1185 Epaphrodito
4193 1082 4217 1133 ³
4248 1129 4282 1179 ,
4381 1092 4425 1177 5

1480 1200 1775 1317 jugulo
1815 1198 2125 1314 adigit3
2164 1203 2379 1314 prius
2423 1199 2769 1283 comites
2803 1223 3229 1314 precatus,
3285 1230 3333 1273 α
3367 1225 3472 1280 ne
3513 1199 3855 1312 potestas
3899 1202 4282 1312 cuiquam

1482 1331 1844 1447 »capitis
1890 1329 2012 1415 sui
2061 1328 2293 1412 fieret
2318 1384 2348 1432 ,
2395 1326 2534 1412 sed
2579 1353 2672 1410 ut
2730 1324 3320 1438 quoquomodo
3369 1350 3591 1411 totus
3653 1354 4143 1412 cremaretur
4187 1351 4281 1414 »4

1485 1458 1972 1544 Centurioni
1999 1514 2028 1559 ‚
2086 1456 2227 1566 qui
2278 1482 2476 1538 mox
2527 1454 2875 1559 adstitit,
2935 1461 3019 1538 δε
3049 1512 3077 1559 ,
3126 1449 3439 1569 paenula
3495 1452 3596 1538 ad
3641 1451 3940 1539 vulnus
3982 1457 4288 1572 apposi-

1481 1584 1564 1673 tfi
1589 1646 1618 1691 ‚
1668 1588 1752 1668 in
1806 1580 2195 1667 auxilium
2247 1583 2328 1666 se
2380 1580 2681 1667 veniffe
2731 1580 3204 1686 simulabat,
3262 1580 3751 1665 semianimis
3805 1581 4281 1697 respondit,

1478 1741 1545 1803 1«
1582 1716 1810 1797 Sero.
1861 1712 2069 1797 Haec
2118 1711 2228 1793 est
2281 1709 2480 1795 fides
2533 1745 2621 1793 ».
2677 1709 2779 1792 In
2827 1714 2984 1796 hac
3041 1738 3253 1795 voce
3300 1718 3340 1768 4
3387 1708 3744 1813 defecit,
3794 1711 4280 1796 exstantibus

1482 1840 1879 1949 torveque
1914 1835 2364 1949 rigentibus
2411 1834 2674 1922 oculis
2720 1845 2748 1902 ⁵
2784 1897 2812 1943 ,
2869 1840 3135 1954 primo
3185 1844 3271 1921 ὅ(
3321 1834 3730 1948 trigesimo
3781 1833 3820 1881 ⁶
3857 1839 4104 1922 aetatis
4142 1870 4282 1925 an-

1484 1998 1598 2053 no
1624 2024 1655 2071 ,
1702 1966 2021 2081 imperii
2073 1964 2400 2049 decimo
2456 1989 2745 2077 quarto
2774 2024 2806 2073 ,
2857 1967 3189 2083 optimis
3245 1966 3498 2049 initiis
3547 2018 3578 2069 ‚
3646 1964 3807 2048 fine
3872 1965 4204 2081 pessimo
4248 2028 4296 2075 ‚,

1484 2090 1921 2182 execrabili
1963 2088 2379 2176 memoria.

1611 2220 2267 2305 LXXXVIII.
2336 2217 2826 2301 CADAVER
2869 2220 3210 2301 cremari
3248 2216 3600 2332 permisit
3634 2216 3904 2304 Icelus
3942 2229 3973 2277 ⁷
4013 2279 4041 2326 ,
4080 2218 4283 2307 Gal-

1484 2344 1603 2433 bae
1651 2344 1985 2430 libertus
2015 2400 2045 2451 ,
2097 2349 2362 2460 primo
2406 2341 2767 2429 tumultu
2814 2340 3225 2451 conjeetus
3265 2348 3352 2427 in
3390 2342 3774 2452 vincula,
3813 2371 4014 2431 tunc
4059 2348 4284 2433 exso-

1484 2468 1747 2558 lutus:
1786 2470 2166 2587 singulari
2208 2472 2379 2557 fato
2430 2472 2520 2555 in
2570 2469 2902 2586 praesens
2946 2474 3273 2559 Neroni
3321 2472 3702 2588 supremae
3765 2475 4001 2559 sortis
4071 2475 4284 2560 arbi-

1485 2625 1613 2685 ter
1639 2659 1668 2704 ,
1715 2600 1989 2714 postea
2029 2598 2309 2685 Galbae
2357 2597 2769 2685 fortunam
2815 2628 3339 2718 corrupturus
3363 2660 3392 2705 ‚
3447 2609 3530 2687 ὅ(
3577 2630 3721 2717 per
3761 2629 3930 2687 tam
3973 2603 4284 2689 diversa

1465 2724 1851 2813 facinora
1900 2727 2134 2810 suum
2182 2728 2270 2814 in
2324 2728 2669 2811 exitium
2735 2756 3114 2844 praeceps.
3167 2728 3607 2817 Modicum
3661 2728 3819 2816 fuit
3874 2729 4115 2817 funus
4179 2725 4211 2777 ⁸
4246 2787 4280 2838 ,

4343 1726 4434 1789 10

1569 3060 1589 3091 ¹
1634 3051 2332 3131 IucuPAREJSueton.
2364 3050 2494 3119 loc.
2532 3050 2642 3119 cit.
2669 3051 2853 3116 Inter·
3012 3068 3031 3115 5
3075 3056 3464 3123 Brenn-nnus
3529 3078 3756 3121 ocuus
3806 3058 3836 3136 J
3892 3056 4153 3120 Sueton.
4209 3055 4280 3119 in

1486 3128 1614 3190 dum
1633 3130 1931 3211 segnitiem
1956 3131 2121 3222 suam
2146 3131 2236 3192 his
2254 3132 2439 3194 verbis
2474 3133 2848 3212 increpabat:
2926 3138 3079 3203 Ner.
3124 3137 3253 3201 loc.
3299 3134 3412 3201 cit.
3464 3135 3518 3197 ri
3558 3135 3863 3217 entibustque
3910 3134 4082 3197 oculis
4125 3136 4282 3218 usque

1485 3208 1658 3274 Vivo
1700 3208 2072 3274 deformiter
2123 3231 2195 3275 ac
2241 3211 2545 3294 turpiter:
2582 3219 2614 3278 ἑ
2668 3215 2849 3298 πρίει-ιι
2923 3215 2999 3279 ad
3025 3217 3300 3279 horrorem
3327 3157 3782 3295 finniffinemque
3815 3215 3874 3277 vi
3894 3215 4119 3278 entium.

1483 3287 1703 3369 Effare,
1736 3294 1769 3352 ὗ
1807 3290 2018 3370 πρίει-ει·
2062 3292 2222 3368 ιη’φεη
2265 3291 2356 3355 δῖἶ
2384 3299 2428 3355 ἔν
2461 3297 2570 3360 τοῖς
2596 3295 2850 3361 ταύταις·
3004 3300 3035 3339 ⁶
3074 3301 3288 3360 PRIMO
3339 3315 3419 3358 ET
3457 3314 3812 3372 'rnlqlzsluo
3919 3296 4182 3356 Sueton-
4210 3292 4284 3357 in

1485 3365 1622 3441 xm,
1648 3369 1805 3449 ἰ’γιιςι
1845 3370 2066 3432 nmio.
2096 3371 2168 3432 ld
2195 3371 2310 3447 est,
2349 3371 2484 3434 Non
2525 3371 2680 3434 decet
2716 3375 2849 3436 Ne·
2926 3378 3079 3440 Ner.
3129 3377 3331 3440 Lvn.
3406 3373 3562 3435 Obiit
3591 3370 3835 3453 secundo
3894 3370 3957 3431 ὃ·
4008 3371 4083 3430 tri
4122 3370 4284 3451 estmo

1480 3445 1608 3507 roni
1632 3493 1650 3520 ,
1682 3466 1790 3505 non
1830 3445 2021 3507 decet.-
2064 3468 2213 3509 nunc
2244 3450 2412 3527 juvat
2454 3450 2846 3532 altasentt're:
2926 3456 3117 3517 aetatis
3164 3475 3346 3532 auno,
3391 3451 3480 3514 die
3561 3471 3625 3512 uo
3662 3448 3930 3541 quondam
3981 3392 4282 3512 ΟΕῙΞνὶαηι

1484 3523 1657 3585 ’Μᾶε
1686 3524 1910 3602 ‘mim’
1938 3526 2390 3607 excitatel'pfitm·
2923 3534 3299 3596 interemerat.
3383 3535 3530 3596 Con
3557 3545 3807 3594 entrunt
3882 3547 4141 3670 quoqpe
4213 3529 4286 3593 in

1567 3612 1594 3643 ²
1638 3604 2002 3667 Houenrco
2049 3610 2317 3686 vusu]
2367 3608 2636 3674 Homer.
2663 3609 2848 3676 Iliad.
2924 3616 3189 3678 XXXII.
3212 3632 3386 3677 anno
3420 3608 3756 3691 Eutropius
3787 3610 3858 3674 &
3889 3615 4051 3670 Aure
4082 3653 4099 3671 .
4134 3606 4281 3673 Vic-

1484 3683 1586 3758 X,
1626 3701 1662 3763 5
1672 3700 1769 3763 35·
2925 3710 3028 3759 tor
3070 3695 3141 3757 in
3192 3692 3514 3774 Epitome.
3558 3695 3642 3754 At
3693 3694 3838 3754 cum
3874 3689 4092 3757 Nero,
4133 3688 4282 3751 teste

1505 3759 2247 3843 Ἵηθνίῦκνπὸὺνᾶμφὶ
2270 3768 2466 3834 κτύπος
2498 3769 2638 3834 ἔπι
2658 3770 2849 3843 eka...
2922 3771 3233 3838 Suetonio
3275 3773 3343 3834 in
3377 3773 3531 3834 Ner.
3570 3771 3695 3844 vl,
3738 3783 3918 3831 natus
3967 3763 4040 3830 fit
4079 3783 4281 3831 κνιιι.

1548 3860 1788 3933 Equorum
1810 3864 1927 3916 mt‘lzi
1946 3866 2368 3934 velocium-[baim
2399 3888 2541 3924 aru-es
2564 3873 2848 3927 circumdat.-

1478 3951 1611 4091 ffiut
1654 3965 1726 4014 ut
1754 3947 1955 4013 versio
1997 3948 2073 4015 fit
2101 3953 2385 4020 Homero
2437 3956 2846 4041 Virgilioque

1593 4048 1671 4091 na

1507 4049 1902 4199 Qffiadnipedantt
1908 4146 2096 4200 putrem
2093 4133 2254 4199 simitu
2265 4136 2415 4203 quatit
2423 4139 2604 4204 ungula
2614 4156 2842 4209 empna.

1562 4231 1584 4313 ξ
1641 4224 2169 4366 Ευρνιυιουιτοῑ
2239 4224 2369 4316 Qui
2424 4225 2673 4292 Neroni
2711 4244 2844 4291 erat

1481 4299 1801 4366 alibellts.
1854 4306 2118 4367 Sueton.
2173 4325 2271 4368 oc.
2309 4319 2416 4366 cit.

1558 4384 1698 4444 ⁴11«
1752 4404 1874 4445 ΒΑΕ
1927 4384 2165 4460 voca]
2223 4386 2484 4446 Sueton.
2538 4381 2666 4447 loc.
2728 4383 2837 4448 cit.

1480 4457 1663 4538 Alia,
1696 4459 1801 4525 sed
1845 4457 2011 4526 forte
2049 4463 2235 4542 paulo
2284 4478 2429 4526 ante
2481 4461 2685 4536 dieta,
2720 4483 2840 4528 nec

1481 4537 1762 4603 Neronis
1795 4541 2074 4605 vanitate
2112 4541 2373 4623 indigna
2400 4540 2589 4605 refert
2626 4544 2838 4606 Cons-

1483 4615 1762 4680 tantinus
1800 4617 2096 4684 manasses
2121 4667 2140 4696 ,
2189 4639 2323 4702 pag.
2359 4627 2458 4684 80.

1555 4720 1737 4780 'Am-in
1764 4717 2104 4802 θηχωριάτο
2137 4729 2253 4786 αὕτ’
2279 4722 2549 4784 imminit
2579 4722 2715 4784 τέλα
2736 4765 2759 4797 ,

1556 4797 1710 4870 Οἷα,
1745 4797 1784 4858 ὖ
1826 4809 1915 4859 Ζεῦ
1931 4844 1952 4872 ,
1994 4802 2279 4882 κιθάρᾳδὸν
2315 4802 2462 4868 &Cloe
2494 4802 2766 4880 ζημιῧτσιι.

1551 4894 1615 4942 Se
1645 4895 1735 4959 ipse
1766 4898 2006 4953 interemit
2025 4940 2042 4960 ,
2080 4904 2178 4953 haec
2203 4904 2429 4970 fiaprema
2442 4907 2615 4970 fauts.-

1541 4962 1761 5036 Qualem.
1776 4981 1801 5017 ο
1818 4963 2022 5034 Jupiter,
2038 4970 2342 5024 citharoedum
2351 4975 2623 5029 mortalitas
2633 4969 2831 5028 amittit.

2922 3849 3216 3915 Kalendas
3242 3849 3564 3914 Januarias
3590 3896 3609 3925 ,
3633 3846 3736 3909 die
3777 3868 3797 3907 1
3816 3868 3851 3926 5
3873 3846 4279 3923 Decembris,

2921 3955 3095 3999 anno
3178 3955 3219 3994 1>
3251 3955 3285 3994 c
3313 3953 3346 3993 c
3383 3953 3424 3991 x
3450 3950 3483 3990 c
3510 3949 3529 3984 ε
3586 3941 3869 3986 mortuus
3956 3921 4031 3985 sit
4107 3945 4275 3989 anno

2925 4031 3250 4082 ncccxxr,
3315 4032 3359 4071 v
3409 4005 3556 4065 ldus
3617 4001 3828 4064 Junias
3859 4048 3879 4077 ,
3934 4001 4038 4063 seu
4093 4005 4196 4068 die
4236 4025 4280 4080 9

2921 4090 3218 4164 Junii‚ut
3252 4084 3296 4144 li
3346 4097 3453 4145 net
3487 4102 3566 4144 ex
3600 4080 4116 4158 Dione‚LXV1‚
4141 4102 4276 4164 pag.

2920 4187 3086 4245 753,
3135 4163 3288 4226 certi
3335 4179 3533 4224 unum
3583 4158 3664 4222 est
3697 4161 4049 4240 ⁸Neronem
4097 4181 4280 4225 moro

2920 4261 3098 4307 tuum
3135 4241 3252 4306 effe
3305 4259 3480 4306 anno
3522 4238 3718 4304 oetatis
3757 4239 3875 4304 suae
3940 4238 4147 4322 primo
4205 4241 4280 4306 Bc

2918 4322 3256 4404 trigesimo.
3696 4397 3711 4412 ⁹

2994 4414 3022 4457 ⁷
3064 4400 3336 4477 lenus]
3382 4402 3649 4464 Sueton.
3693 4418 3764 4460 tn
3800 4399 3954 4462 Ner.
4009 4397 4085 4458 1..
4123 4398 4276 4458 Per-

2917 4502 3127 4564 peram
3152 4481 3348 4545 dicius
3365 4500 3403 4542 a
3424 4477 3753 4542 Plutarcho
3778 4477 3846 4539 in
3873 4474 4107 4549 Galba,
4131 4492 4271 4553 pag.

2926 4584 2997 4624 ro
2998 4570 3102 4682 156.
3138 4561 3402 4625 οὖιίιεᾶως
3423 4603 3445 4634 ,
3490 4557 3759 4622 Vicezlus.
3906 4629 3920 4643 ο

3067 4642 3120 4704 F
3124 4664 3279 4704 uuus
3309 4643 3342 4717 ]
3383 4641 3647 4701 Sueton.
3693 4635 3818 4697 loc.
3852 4643 3972 4692 cit.
4006 4623 4270 4686 Funera-

2917 4738 3007 4780 tus
3037 4719 3111 4801 est
3139 4719 3387 4797 impensa·
3413 4715 3761 4775 ducentorum
3798 4706 4058 4781 millium,
4106 4705 4270 4769 Gal-

2917 4800 3054 4865 licae
3092 4815 3368 4863 monetae
3408 4794 3704 4855 librarum
3742 4790 4007 4864 38,9o6‚
4033 4782 4158 4866 stra
4202 4805 4274 4844 u·

2914 4876 2985 4940 Iis
3031 4878 3176 4939 albis
3199 4926 3218 4953 ,
3251 4893 3383 4936 auro
3411 4869 3681 4947 intextis,
3704 4863 3898 4949 quibus
3918 4863 4043 4947 ιβιδ
4060 4872 4151 4926 Ka
4173 4884 4271 4926 etz-

2910 4957 3000 5022 dis
3024 4955 3294 5021 Januarii
4247 4965 4260 4976 ,

3303 4950 3522 5028 fimat.
