4975 6149
929 427 1100 519 AD
1155 425 1616 518 LIBRUM
1663 423 1818 514 x1.
1878 416 2163 515 ἈΝΝ.
2221 430 2319 518 o.
2379 420 2743 521 coRN.
2802 423 3221 524 TAcm.
3287 455 3483 549 -ςῃ

679 590 1129 701 peditiorem
1165 606 1168 611 ·
1198 594 1271 662 &
1328 584 1838 660 fecundiorem
1900 584 2271 661 literarum
2333 583 2644 662 formam
2712 589 3221 694 inquirendam
3278 598 3478 672 exci-

679 694 888 772 tavit.
955 692 1178 766 Hanc
1241 709 1490 762 tamen
1553 684 1864 788 gloriam
1919 684 2248 789 AEgyptii
2307 682 2388 758 in
2446 686 2520 760 se
2571 686 2897 768 derivare
2936 694 3242 772 voluiffe
3294 697 3481 773 mihi

677 794 1028 874 videntur
1073 819 1100 882 3
1156 786 1383 891 idque
1431 785 1675 860 innuit
1740 784 2040 861 Tacitus
2084 842 2106 877 ,
2178 784 2229 859 fi
2292 788 2443 886 ejus
2491 785 2715 863 verba
2762 790 2898 867 rite
3008 796 3424 896 erpenderis
3458 828 3482 875 ε

675 899 896 974 Primi
954 920 1073 991 per
1134 890 1401 991 figuras
1468 889 1849 962 animalium
1911 890 2213 988 AEgyptii
2275 888 2501 985 sensus
2579 897 2808 964 mentis
2884 819 3267 993 effingebant
3333 912 3478 989 (ea

697 991 1143 1097 antiquzffi'ma
1178 1012 1589 1064 monumenta
1635 993 1951 1063 memoriae
2010 992 2300 1061 humanae
2350 991 2638 1089 impreffiz
2669 993 2862 1089 fizxis
2924 1022 3265 1071 cernuntur
3311 1006 3346 1096 )
3400 1005 3480 1077 ὃ·

690 1100 1181 1173 LJTERARUM
1241 1120 1516 1167 seul-:r
1567 1119 2094 1164 INVENTORES
2130 1090 2489 1186 perhibent.
2556 1087 2658 1165 At
2718 1093 2887 1168 cflm
2938 1094 3138 1171 nulla
3210 1094 3488 1179 exstent}

685 1191 1194 1299 AEgyptiarum
1263 1190 1607 1264 harumce
1669 1187 2040 1277 literarum
2111 1209 2587 1264 monumenta
2622 1246 2644 1279 ,
2729 1194 2821 1267 ab
2891 1194 3190 1298 Assyriis
3251 1198 3480 1277 literis

688 1295 980 1373 diversa
1007 1349 1029 1385 ‚
1086 1312 1209 1367 aut
1263 1291 1350 1366 iis
1397 1288 1548 1364 anti
1600 1290 1813 1365 uiora
1841 1347 1863 1380 ,
1914 1315 2078 1393 quae
2120 1312 2365 1366 tamen
2405 1287 2633 1364 multa
2679 1290 3033 1395 superesse
3069 1298 3422 1382 deberent
3454 1361 3480 1397 ,

687 1416 851 1473 non
924 1393 1285 1469 immerito
1350 1318 1625 1491 scripfft
1680 1389 1955 1464 Plinius
1985 1447 2008 1481 ,
2094 1390 2210 1468 vir
2270 1388 2634 1464 immensae
2706 1395 3138 1474 eruditionis
3178 1456 3203 1493 ,
3280 1405 3424 1481 VII
3450 1463 3475 1498 ,

696 1520 745 1599 5
760 1499 831 1573 6.
861 1499 1114 1569 Literas
1167 1494 1420 1590 semper
1452 1493 2020 1591 arbitrorAffyrias
2053 1492 2267 1589 futffe.

802 1591 1277 1695 Primigenias
1323 1591 1480 1664 illas
1524 1589 1765 1665 literas
1793 1646 1814 1681 ‚
1867 1590 2256 1666 maximum
2297 1592 2598 1665 humani
2655 1593 2934 1696 ingenii
2976 1598 3202 1675 fetum
3239 1659 3260 1693 ‚
3316 1630 3482 1681 om-

695 1694 881 1772 nino
925 1691 1241 1768 diversas
1285 1689 1488 1766 fuisse
1544 1716 1587 1764 a
1644 1690 1968 1766 rotundo
2012 1691 2150 1766 illo
2197 1692 2598 1767 charactere
2628 1748 2649 1783 ,
2701 1720 2852 1796 quo
2915 1724 3113 1776 nunc
3166 1701 3485 1779 Hebraea

693 1794 1070 1873 scribimus
1096 1849 1120 1884 ‚
1171 1791 1627 1868 certissimum
1682 1790 1804 1867 est.
1850 1790 2073 1867 Fort'e
2126 1793 2347 1868 etiam
2408 1790 2866 1871 Samaritanis
2890 1851 2911 1886 ,
2964 1799 3225 1902 quibus
3285 1829 3486 1882 nunc

698 1896 971 1973 utimur
1004 1949 1025 1984 ‚
1078 1892 1302 1994 paulo
1354 1891 1684 1967 rudiores
1722 1892 1948 1968 fuere.

795 1994 1008 2069 Inde
1038 2015 1277 2068 autem
1312 1991 1662 2093 scriptura
1702 1993 1793 2068 ad
1831 2018 2087 2069 omnes
2125 2016 2380 2095 gentes
2423 1993 2825 2072 dimanavit
2854 2054 2874 2086 ‚
2917 2024 3078 2100 quae
3109 2006 3484 2106 egregium

698 2098 1081 2173 inventum
1133 2112 1257 2167 aut
1302 2091 1688 2183 rusticitate
1739 2119 1896 2169 non
1951 2093 2339 2195 neglexere
2368 2149 2391 2184 ,
2452 2117 2575 2170 aut
2612 2097 2934 2173 vanitate
2975 2125 3130 2174 non
3169 2105 3333 2179 sunt
3373 2106 3487 2178 as·-

701 2217 1049 2299 pernatae.
1099 2193 1267 2267 Hac
1316 2193 1512 2268 enim
1552 2193 1892 2294 superbia
1945 2192 2292 2267 laborasse
2340 2192 2523 2266 mihi
2561 2193 2899 2269 videntur
2960 2197 3110 2273 duo
3172 2204 3486 2304 populi,

758 2320 894 2374 uos
945 2293 1134 2368 inter
1184 2293 1416 2393 pofita
1457 2293 1736 2394 Assyria
1760 2349 1784 2386 ,
1834 2289 2163 2395 AEgyptii
2210 2297 2280 2367 ὃς
2316 2291 2647 2369 Sinenses
2675 2351 2696 2384 ,
2736 2294 2933 2369 vitiis
2977 2322 3065 2372 ac
3104 2303 3491 2378 virtutibus

703 2325 1075 2473 simillimi.
1124 2392 1267 2469 Sed
1315 2394 1392 2469 in
1437 2394 1805 2496 utriusque
1849 2419 2148 2495 poenam
2191 2392 2412 2467 vertit
2462 2393 2817 2494 superbia.
2864 2395 3238 2497 Stupenda
3294 2402 3494 2477 enim

705 2494 1222 2599 AEgyptiorum
1257 2517 1733 2569 monumenta
1775 2495 2036 2597 ignota
2079 2491 2571 2569 obsolescunt.
2613 2493 2946 2573 Sinenses
2989 2497 3067 2573 in
3106 2501 3499 2578 enuclean-

716 2596 828 2674 dis
871 2595 1012 2669 suis
1054 2595 1571 2671 characteribus
1620 2597 1901 2697 semper
1948 2594 2213 2696 pueri,
2268 2592 2821 2672 consenescunt.

808 2695 1081 2771 Utrum
1130 2718 1374 2770 autem
1410 2718 1693 2771 veteres
1733 2697 1923 2770 inter
1958 2696 2397 2783 charasteres
2431 2692 2762 2770 Sinenses
2798 2701 2868 2770 &
2908 2700 3101 2800 AEgy
3156 2702 3300 2775 tios
3337 2703 3499 2780 fue..

715 2798 813 2874 rit
857 2794 1246 2871 similitudo
1286 2817 1614 2897 quaerunt
1668 2795 1957 2871 eruditi.
1997 2794 2219 2868 Hanc
2260 2792 2560 2895 quidem
2602 2794 2677 2869 se
2719 2726 3265 2896 deprehendisse
3313 2803 3497 2877 exis-

715 2896 1005 2974 timavit
1054 2896 1173 2970 Cl.
1216 2894 1600 2971 Needham
1646 2896 1725 2969 in
1770 2893 1955 2969 Iside
1989 2893 2415 2967 Taurinensi
2470 2900 2540 2968 ὃς
2598 2896 2835 2968 Lexico
2890 2897 3164 2972 Sinensi
3216 2903 3410 2976 Tchin
3457 2947 3500 2962 -

720 3001 1061 3097 τρε-ιονιξ.
1088 2995 1208 3070 De
1259 2994 1400 3069 hac
1445 2994 1910 3070 similitudine
1964 2993 2393 3094 interrogati
2442 2991 2694 3084 Galli,
2749 2994 2874 3096 qui
2927 2993 3117 3071 inter
3166 2931 3500 3077 Sinenlges
3611 3061 3617 3067 .

719 3096 963 3177 multis
1040 3096 1314 3170 abhinc
1365 3095 1578 3170 annis
1632 3095 1908 3198 degunt
1942 3151 1963 3186 ‚
2029 3120 2189 3170 eam
2250 3093 2378 3167 fibi
2428 3094 3007 3195 incompertam3
3056 3122 3201 3172 nec
3246 3099 3503 3175 Sinen-

722 3198 908 3276 fibus
983 3195 1183 3272 libris
1245 3196 1410 3271 satis
1467 3197 1711 3271 nixam
1780 3194 2249 3299 respondere.
2323 3193 2994 3297 Memini-quidem
3056 3221 3172 3270 me
3250 3198 3500 3300 legisse

772 3296 1050 3374 uaedam
1142 3297 1453 3374 omnino
1525 3297 1707 3371 mira
1792 3295 1884 3371 de
1971 3293 2338 3374 veteribus
2422 3294 2928 3396 hieroglyphis
3023 3295 3430 3374 Sinenfibus
3476 3358 3502 3392 ,

761 3398 854 3474 ed
906 3423 1068 3501 quae
1126 3422 1367 3498 neque
1435 3396 1535 3472 est
1573 3397 1784 3498 hujus
1833 3396 1986 3471 loci
2035 3396 2299 3471 referre
2333 3450 2354 3485 ,
2412 3419 2653 3498 neque
2694 3452 2713 3483 ,
2773 3413 3039 3495 utpote
3118 3397 3209 3471 ab
3258 3398 3504 3474 homi-

719 3499 934 3576 nibus
993 3497 1353 3599 religione
1474 3498 1950 3597 raeoccupatis
1975 3552 1998 3586 ,
2059 3498 2186 3599 qui
2235 3495 2795 3571 reconditissima
2853 3494 3271 3573 Christianae
3330 3498 3508 3575 fidei

722 3596 1058 3700 mysteria
1109 3596 1364 3674 vetusti
1425 3598 1580 3671 1mis
1651 3595 2053 3673 Sinenfium
2103 3595 2609 3696 hieroglyphis
2680 3594 3099 3671 adumbrata
3154 3598 3509 3700 imagina-

722 3698 990 3778 bantur
1021 3753 1041 3788 ‚
1094 3697 1503 3801 conscripta
1531 3752 1556 3789 ,
1609 3697 1918 3773 multum
1995 3696 2433 3773 austoritatis
2498 3694 2919 3772 obtinerent
2943 3753 2969 3787 ‚
3024 3721 3262 3800 neque
3314 3698 3509 3775 obti-

726 3824 906 3886 nere
962 3798 1254 3877 debent.
3490 3853 3493 3856 -

841 3897 1044 3975 Dum
1106 3899 1415 3990 meliora
1472 3899 1784 3975 certiora
1833 3923 1928 3973 ue
1985 3924 2028 3972 a
2103 3896 2511 3974 Sinenfibus
2554 3897 2904 3990 veniant,
2953 3898 3168 3974 satius
3218 3901 3356 3976 erit
3399 3900 3513 3975 le-

725 4024 897 4103 gere
956 3999 1315 4076 eruditum
1369 4027 1554 4114 opus
1602 4001 1776 4075 clari
1833 4024 2141 4075 imorum
2191 3999 2518 4075 virorum
2571 4001 3011 4075 Warburtlzon
3074 4006 3143 4076 δι
3219 4001 3513 4075 Leonard

736 4103 842 4173 des
891 4104 1245 4195 Malpeines
1296 4100 1568 4175 Parisiis
1621 4100 1900 4175 editum
1955 4124 2156 4174 anno
2217 4122 2470 4198 1744,
2529 4098 2700 4195 Effai
2735 4101 2859 4195 sur
2920 4102 3012 4173 les
3058 4104 3515 4201 Hie'roglyphes

735 4201 1105 4299 Egyptiens.
1122 4199 1594 4277 Noviffimam
1610 4208 1677 4276 δε
1696 4200 2066 4303 egregiam
2095 4199 2173 4273 in
2196 4196 2658 4275 eruderandis
2673 4197 2779 4273 lin
2832 4225 3083 4275 uarum
3101 4198 3515 4300 primordiis

737 4298 1052 4400 posuere
1084 4299 1224 4375 Cll.
1265 4300 1356 4376 de
1390 4300 1720 4404 Guignes
1747 4309 1815 4376 δε
1839 4299 2326 4402 Barthele‘my.
2393 4305 2735 4375 Me‘moires
2808 4329 2837 4372 e
2859 4300 3244 4372 l'Acade‘mie
3278 4301 3520 4398 Royale

735 4400 846 4473 des
901 4403 1331 4495 Inscriptions.
1374 4401 1597 4486 Tom.
1663 4401 1965 4476 XXXII.
2015 4427 2183 4502 pag.
2240 4424 2417 4476 212.
2484 4400 2707 4475 Nunc
2753 4398 2932 4471 vero
2981 4395 3364 4497 quomodo
3427 4423 3521 4473 ex

736 4496 1030 4599 Assyriis
1083 4498 1310 4576 literis
1365 4501 1692 4576 formatae
1743 4500 2014 4574 fuerint
2069 4522 2466 4575 ceterarum
2532 4494 2859 4600 gentium
2899 4495 3129 4569 literae
3176 4551 3204 4584 5
3285 4497 3520 4573 oculis

739 4598 1115 4675 exhibebit
1163 4601 1413 4675 tabula
1453 4595 1791 4674 Edwardi
1836 4595 2187 4672 Bernardi
2218 4652 2239 4686 ,
2301 4601 2416 4671 cui
2463 4593 2752 4672 titulum
2810 4593 2989 4666 fecit
3034 4595 3228 4668 Orbis
3282 4601 3518 4670 eruditi

739 4702 1108 4773 literatura.
1155 4701 1378 4774 Hanc
1424 4697 1808 4772 meliorem
1869 4697 2410 4795 auffioremque
2440 4691 2766 4774 Londini
2827 4716 3022 4768 anno
3058 4716 3255 4796 1759
3290 4697 3525 4773 edidit

743 4796 862 4869 Cl.
913 4803 1206 4874 Morton.

847 4893 1058 4968 Tru-:s
1113 4918 1442 4971 muns
1494 4919 1822 4974 AanmT
1872 4900 1909 4990 ]
1969 4892 2242 4967 Literas
2275 4947 2296 4980 ,
2365 4892 2455 4966 ab
2513 4891 2962 5016 Imperatore
3023 4893 3340 4970 Claudio
3394 4893 3533 4980 adt·

746 4991 930 5073 ditas
958 5044 988 5087 ‚
1048 5016 1204 5071 rem
1249 4995 1492 5076 levem
1522 5055 1549 5096 ,
1611 4992 2156 5102 disceptandam
2210 5012 2454 5070 tamen
2485 5049 2511 5091 ‚
2576 4993 2703 5072 hic
2761 4994 3331 5101 explanabimus.
