<?xml version="1.0" encoding="UTF-8"?>
<!DOCTYPE html PUBLIC "-//W3C//DTD XHTML 1.0 Transitional//EN"
    "http://www.w3.org/TR/xhtml1/DTD/xhtml1-transitional.dtd">
<html xmlns="http://www.w3.org/1999/xhtml" xml:lang="en" lang="en">
 <head>
  <title>
</title>
<meta http-equiv="Content-Type" content="text/html;charset=utf-8" />
  <meta name='ocr-system' content='tesseract 3.04.00' />
  <meta name='ocr-capabilities' content='ocr_page ocr_carea ocr_par ocr_line ocrx_word'/>
</head>
<body>
  <div class='ocr_page' id='page_1' title='image "./ccorneliitaciti04brotgoog_0133.png"; bbox 0 0 4975 6149; ppageno 0'>
   <div class='ocr_carea' id='block_1_1' title="bbox 1046 291 3593 474">
    <p class='ocr_par' dir='ltr' id='par_1_1' title="bbox 1046 291 3593 474">
     <span class='ocr_line' id='line_1_1' title="bbox 1046 291 3593 474; baseline 0.007 -41"><span class='ocrx_word' id='word_1_1' title='bbox 1046 343 1700 434; x_wconf 85' lang='lat' dir='ltr'><strong>ANNALIUM</strong></span> <span class='ocrx_word' id='word_1_2' title='bbox 1764 344 2111 433; x_wconf 82' lang='lat' dir='ltr'><strong>LIBER</strong></span> <span class='ocrx_word' id='word_1_3' title='bbox 2174 344 2687 440; x_wconf 71' lang='lat' dir='ltr'><strong>memus</strong></span> <span class='ocrx_word' id='word_1_4' title='bbox 2753 291 3270 448; x_wconf 82' lang='lat' dir='ltr'><strong>TERTIUS.</strong></span> <span class='ocrx_word' id='word_1_5' title='bbox 3427 395 3458 447; x_wconf 84' lang='lat'>1</span> <span class='ocrx_word' id='word_1_6' title='bbox 3482 396 3526 452; x_wconf 81' lang='lat'>2</span> <span class='ocrx_word' id='word_1_7' title='bbox 3544 397 3593 474; x_wconf 74' lang='lat'><em>3</em></span> 
     </span>
    </p>
   </div>
   <div class='ocr_carea' id='block_1_2' title="bbox 639 504 3873 3919">
    <p class='ocr_par' dir='ltr' id='par_1_2' title="bbox 793 504 3873 1012">
     <span class='ocr_line' id='line_1_2' title="bbox 916 504 3873 635; baseline 0.003 -35"><span class='ocrx_word' id='word_1_8' title='bbox 916 509 1320 600; x_wconf 82' lang='lat' dir='ltr'><strong>XXXV.</strong></span> <span class='ocrx_word' id='word_1_9' title='bbox 1382 511 1587 593; x_wconf 78' lang='lat' dir='ltr'><strong>SED</strong></span> <span class='ocrx_word' id='word_1_10' title='bbox 1650 504 2108 593; x_wconf 86' lang='lat' dir='ltr'><strong>Corbuloni</strong></span> <span class='ocrx_word' id='word_1_11' title='bbox 2182 506 2365 623; x_wconf 89' lang='lat' dir='ltr'><strong>plus</strong></span> <span class='ocrx_word' id='word_1_12' title='bbox 2425 511 2668 598; x_wconf 88' lang='lat' dir='ltr'><strong>molis</strong></span> <span class='ocrx_word' id='word_1_13' title='bbox 2734 517 3108 606; x_wconf 73' lang='lat' dir='ltr'><strong>adversus</strong></span> <span class='ocrx_word' id='word_1_14' title='bbox 3171 525 3593 635; x_wconf 86' lang='lat' dir='ltr'><strong>ignaviam</strong></span> <span class='ocrx_word' id='word_1_15' title='bbox 3642 563 3873 609; x_wconf 45' lang='grc' dir='ltr'><strong>ξ</strong></span> 
     </span>
     <span class='ocr_line' id='line_1_3' title="bbox 800 633 3866 764; baseline -0 -42"><span class='ocrx_word' id='word_1_16' title='bbox 800 636 1199 741; x_wconf 86' lang='lat' dir='ltr'><strong>militum,</strong></span> <span class='ocrx_word' id='word_1_17' title='bbox 1251 633 1500 748; x_wconf 66' lang='lat' dir='ltr'><strong>quam</strong></span> <span class='ocrx_word' id='word_1_18' title='bbox 1553 660 1834 720; x_wconf 90' lang='lat' dir='ltr'><strong>contra</strong></span> <span class='ocrx_word' id='word_1_19' title='bbox 1893 635 2306 748; x_wconf 88' lang='lat' dir='ltr'><strong>perfidiam</strong></span> <span class='ocrx_word' id='word_1_20' title='bbox 2363 637 2711 722; x_wconf 89' lang='lat' dir='ltr'><strong>hostium</strong></span> <span class='ocrx_word' id='word_1_21' title='bbox 2763 673 2956 730; x_wconf 87' lang='lat' dir='ltr'><strong>erat.</strong></span> <span class='ocrx_word' id='word_1_22' title='bbox 2986 649 3321 764; x_wconf 84' lang='lat' dir='ltr'><strong>Quippe</strong></span> <span class='ocrx_word' id='word_1_23' title='bbox 3350 651 3588 763; x_wconf 60' lang='lat' dir='ltr'><strong>Syria</strong></span> <span class='ocrx_word' id='word_1_24' title='bbox 3644 637 3715 687; x_wconf 62' lang='lat' dir='ltr'><strong>A·</strong></span> <span class='ocrx_word' id='word_1_25' title='bbox 3745 640 3866 696; x_wconf 49' lang='grc' dir='ltr'><strong>ΨΟ</strong></span> 
     </span>
     <span class='ocr_line' id='line_1_4' title="bbox 797 728 3829 890; baseline 0.006 -38"><span class='ocrx_word' id='word_1_26' title='bbox 797 766 1248 852; x_wconf 72' lang='lat' dir='ltr'><strong>transmotae</strong></span> <span class='ocrx_word' id='word_1_27' title='bbox 1298 760 1728 874; x_wconf 88' lang='lat' dir='ltr'><strong>legiones,</strong></span> <span class='ocrx_word' id='word_1_28' title='bbox 1790 791 1994 875; x_wconf 89' lang='lat' dir='ltr'><strong>pace</strong></span> <span class='ocrx_word' id='word_1_29' title='bbox 2045 759 2296 875; x_wconf 62' lang='lat' dir='ltr'><strong>longa</strong></span> <span class='ocrx_word' id='word_1_30' title='bbox 2341 763 2624 874; x_wconf 90' lang='lat' dir='ltr'><strong>segnes</strong></span> <span class='ocrx_word' id='word_1_31' title='bbox 2638 774 2972 867; x_wconf 90' lang='lat' dir='ltr'><strong>,munia</strong></span> <span class='ocrx_word' id='word_1_32' title='bbox 3007 774 3580 867; x_wconf 88' lang='lat' dir='ltr'><strong>Romanorum</strong></span> <span class='ocrx_word' id='word_1_33' title='bbox 3665 728 3829 890; x_wconf 50' lang='lat'><strong>{¹2</strong></span> 
     </span>
     <span class='ocr_line' id='line_1_5' title="bbox 793 887 3794 1012; baseline 0.003 -36"><span class='ocrx_word' id='word_1_34' title='bbox 793 893 1196 1006; x_wconf 70' lang='lat' dir='ltr'><strong>aegerrime</strong></span> <span class='ocrx_word' id='word_1_35' title='bbox 1254 887 1741 996; x_wconf 76' lang='lat' dir='ltr'><strong>tolerabant.</strong></span> <span class='ocrx_word' id='word_1_36' title='bbox 1777 891 1999 973; x_wconf 83' lang='lat' dir='ltr'><strong>Satis</strong></span> <span class='ocrx_word' id='word_1_37' title='bbox 2054 889 2687 976; x_wconf 80' lang='lat' dir='ltr'><strong>constitit-fuisse</strong></span> <span class='ocrx_word' id='word_1_38' title='bbox 2739 895 2824 976; x_wconf 90' lang='lat' dir='ltr'><strong>in</strong></span> <span class='ocrx_word' id='word_1_39' title='bbox 2857 925 2959 979; x_wconf 92' lang='lat' dir='ltr'><strong>eo</strong></span> <span class='ocrx_word' id='word_1_40' title='bbox 3017 904 3380 985; x_wconf 84' lang='lat' dir='ltr'><strong>exercitu</strong></span> <span class='ocrx_word' id='word_1_41' title='bbox 3428 938 3576 991; x_wconf 88' lang='lat' dir='ltr'><strong>ve-</strong></span> <span class='ocrx_word' id='word_1_42' title='bbox 3687 930 3794 1012; x_wconf 76' lang='lat'><strong>58·</strong></span> 
     </span>
    </p>

    <p class='ocr_par' dir='ltr' id='par_1_3' title="bbox 706 1013 3577 1638">
     <span class='ocr_line' id='line_1_6' title="bbox 706 1013 3577 1129; baseline 0.003 -24"><span class='ocrx_word' id='word_1_43' title='bbox 706 1042 747 1122; x_wconf 90' lang='lat'><em>5</em></span> <span class='ocrx_word' id='word_1_44' title='bbox 793 1047 1153 1123; x_wconf 81' lang='lat' dir='ltr'><strong>tetanos,</strong></span> <span class='ocrx_word' id='word_1_45' title='bbox 1195 1019 1337 1129; x_wconf 91' lang='lat' dir='ltr'><strong>qui</strong></span> <span class='ocrx_word' id='word_1_46' title='bbox 1373 1047 1547 1101; x_wconf 90' lang='lat' dir='ltr'><strong>non</strong></span> <span class='ocrx_word' id='word_1_47' title='bbox 1584 1018 2060 1121; x_wconf 89' lang='lat' dir='ltr'><strong>stationem,</strong></span> <span class='ocrx_word' id='word_1_48' title='bbox 2103 1046 2272 1101; x_wconf 90' lang='lat' dir='ltr'><strong>non</strong></span> <span class='ocrx_word' id='word_1_49' title='bbox 2308 1013 2628 1128; x_wconf 81' lang='lat' dir='ltr'><strong>vigilias</strong></span> <span class='ocrx_word' id='word_1_50' title='bbox 2674 1020 2992 1106; x_wconf 87' lang='lat' dir='ltr'><strong>inissent</strong></span> <span class='ocrx_word' id='word_1_51' title='bbox 3015 1051 3045 1118; x_wconf 82' lang='lat'><strong>3·</strong></span> <span class='ocrx_word' id='word_1_52' title='bbox 3078 1023 3381 1109; x_wconf 90' lang='lat' dir='ltr'><strong>vallum</strong></span> <span class='ocrx_word' id='word_1_53' title='bbox 3408 1031 3577 1115; x_wconf 89' lang='lat' dir='ltr'><strong>fos·-</strong></span> 
     </span>
     <span class='ocr_line' id='line_1_7' title="bbox 793 1143 3568 1261; baseline 0.004 -33"><span class='ocrx_word' id='word_1_54' title='bbox 793 1147 1114 1258; x_wconf 89' lang='lat' dir='ltr'><strong>samque</strong></span> <span class='ocrx_word' id='word_1_55' title='bbox 1143 1144 1359 1257; x_wconf 84' lang='lat' dir='ltr'><strong>quast</strong></span> <span class='ocrx_word' id='word_1_56' title='bbox 1388 1173 1606 1228; x_wconf 90' lang='lat' dir='ltr'><strong>nova</strong></span> <span class='ocrx_word' id='word_1_57' title='bbox 1647 1150 1731 1227; x_wconf 72' lang='grc' dir='ltr'><strong>ὃ(</strong></span> <span class='ocrx_word' id='word_1_58' title='bbox 1771 1144 1973 1227; x_wconf 88' lang='lat' dir='ltr'><strong>mira</strong></span> <span class='ocrx_word' id='word_1_59' title='bbox 2019 1145 2370 1229; x_wconf 84' lang='lat' dir='ltr'><strong>viserent</strong></span> <span class='ocrx_word' id='word_1_60' title='bbox 2412 1177 2430 1224; x_wconf 92' lang='lat'><strong>:</strong></span> <span class='ocrx_word' id='word_1_61' title='bbox 2489 1143 2650 1227; x_wconf 86' lang='lat' dir='ltr'><strong>fine</strong></span> <span class='ocrx_word' id='word_1_62' title='bbox 2694 1143 2945 1257; x_wconf 87' lang='lat' dir='ltr'><strong>galeis</strong></span> <span class='ocrx_word' id='word_1_63' title='bbox 2969 1206 2999 1250; x_wconf 82' lang='lat'><strong>,</strong></span> <span class='ocrx_word' id='word_1_64' title='bbox 3045 1149 3205 1234; x_wconf 84' lang='lat' dir='ltr'><strong>fine</strong></span> <span class='ocrx_word' id='word_1_65' title='bbox 3241 1150 3568 1261; x_wconf 88' lang='lat' dir='ltr'><strong>loricis,</strong></span> 
     </span>
     <span class='ocr_line' id='line_1_8' title="bbox 799 1267 3572 1388; baseline 0 -30"><span class='ocrx_word' id='word_1_66' title='bbox 799 1273 1035 1358; x_wconf 87' lang='lat' dir='ltr'><strong>nitidi</strong></span> <span class='ocrx_word' id='word_1_67' title='bbox 1090 1281 1172 1356; x_wconf 74' lang='grc' dir='ltr'><strong>ὅ(</strong></span> <span class='ocrx_word' id='word_1_68' title='bbox 1231 1271 1639 1382; x_wconf 85' lang='lat' dir='ltr'><strong>quaestuofi</strong></span> <span class='ocrx_word' id='word_1_69' title='bbox 1681 1280 1705 1317; x_wconf 90' lang='lat'>¹</span> <span class='ocrx_word' id='word_1_70' title='bbox 1754 1328 1785 1373; x_wconf 91' lang='lat'><strong>,</strong></span> <span class='ocrx_word' id='word_1_71' title='bbox 1845 1267 2138 1354; x_wconf 64' lang='lat' dir='ltr'><strong>militia</strong></span> <span class='ocrx_word' id='word_1_72' title='bbox 2194 1300 2336 1384; x_wconf 86' lang='lat' dir='ltr'><strong>per</strong></span> <span class='ocrx_word' id='word_1_73' title='bbox 2388 1269 2688 1383; x_wconf 89' lang='lat' dir='ltr'><strong>oppida</strong></span> <span class='ocrx_word' id='word_1_74' title='bbox 2736 1271 3082 1388; x_wconf 62' lang='lat' dir='ltr'><strong>expleta.</strong></span> <span class='ocrx_word' id='word_1_75' title='bbox 3130 1276 3390 1388; x_wconf 82' lang='lat' dir='ltr'><strong>Igitur</strong></span> <span class='ocrx_word' id='word_1_76' title='bbox 3449 1281 3572 1366; x_wconf 86' lang='lat' dir='ltr'><strong>di-</strong></span> 
     </span>
     <span class='ocr_line' id='line_1_9' title="bbox 801 1393 3570 1517; baseline 0.004 -38"><span class='ocrx_word' id='word_1_77' title='bbox 801 1398 1035 1482; x_wconf 87' lang='lat' dir='ltr'><strong>missis</strong></span> <span class='ocrx_word' id='word_1_78' title='bbox 1058 1459 1087 1503; x_wconf 92' lang='lat'><strong>,</strong></span> <span class='ocrx_word' id='word_1_79' title='bbox 1135 1394 1416 1507; x_wconf 88' lang='lat' dir='ltr'><strong>quibus</strong></span> <span class='ocrx_word' id='word_1_80' title='bbox 1443 1398 1757 1482; x_wconf 59' lang='lat' dir='ltr'><strong>seneffia</strong></span> <span class='ocrx_word' id='word_1_81' title='bbox 1783 1455 1813 1501; x_wconf 92' lang='lat'><strong>,</strong></span> <span class='ocrx_word' id='word_1_82' title='bbox 1846 1422 1982 1480; x_wconf 90' lang='lat' dir='ltr'><strong>aut</strong></span> <span class='ocrx_word' id='word_1_83' title='bbox 2012 1393 2399 1481; x_wconf 90' lang='lat' dir='ltr'><strong>valetudo</strong></span> <span class='ocrx_word' id='word_1_84' title='bbox 2433 1396 2760 1481; x_wconf 88' lang='lat' dir='ltr'><strong>adversa</strong></span> <span class='ocrx_word' id='word_1_85' title='bbox 2800 1427 3008 1504; x_wconf 87' lang='lat' dir='ltr'><strong>erat,</strong></span> <span class='ocrx_word' id='word_1_86' title='bbox 3049 1400 3570 1517; x_wconf 85' lang='lat' dir='ltr'><strong>supplemen-</strong></span> 
     </span>
     <span class='ocr_line' id='line_1_10' title="bbox 800 1520 3569 1638; baseline 0.004 -30"><span class='ocrx_word' id='word_1_87' title='bbox 800 1539 980 1608; x_wconf 87' lang='lat' dir='ltr'><strong>tum&#39;</strong></span> <span class='ocrx_word' id='word_1_88' title='bbox 1003 1526 1317 1638; x_wconf 86' lang='lat' dir='ltr'><strong>petivit.</strong></span> <span class='ocrx_word' id='word_1_89' title='bbox 1345 1521 1454 1606; x_wconf 80' lang='lat' dir='ltr'><strong>Et</strong></span> <span class='ocrx_word' id='word_1_90' title='bbox 1482 1521 1741 1607; x_wconf 89' lang='lat' dir='ltr'><strong>habiti</strong></span> <span class='ocrx_word' id='word_1_91' title='bbox 1772 1551 1914 1638; x_wconf 89' lang='lat' dir='ltr'><strong>per</strong></span> <span class='ocrx_word' id='word_1_92' title='bbox 1944 1520 2353 1607; x_wconf 85' lang='lat' dir='ltr'>Galatiam</span> <span class='ocrx_word' id='word_1_93' title='bbox 2397 1554 2492 1608; x_wconf 90' lang='lat' dir='ltr'><strong>ac</strong></span> <span class='ocrx_word' id='word_1_94' title='bbox 2540 1522 3148 1638; x_wconf 87' lang='lat' dir='ltr'><strong>Cappadociam</strong></span> <span class='ocrx_word' id='word_1_95' title='bbox 3185 1528 3569 1619; x_wconf 72' lang='lat' dir='ltr'><strong>deleEtuS.</strong></span> 
     </span>
    </p>

    <p class='ocr_par' dir='ltr' id='par_1_4' title="bbox 658 1644 3571 2269">
     <span class='ocr_line' id='line_1_11' title="bbox 658 1644 3569 1773; baseline 0.005 -45"><span class='ocrx_word' id='word_1_96' title='bbox 658 1674 754 1729; x_wconf 86' lang='lat'><strong>10</strong></span> <span class='ocrx_word' id='word_1_97' title='bbox 795 1646 1283 1760; x_wconf 71' lang='lat' dir='ltr'><strong>Adjeaaque</strong></span> <span class='ocrx_word' id='word_1_98' title='bbox 1335 1678 1439 1733; x_wconf 86' lang='lat' dir='ltr'><strong>ex</strong></span> <span class='ocrx_word' id='word_1_99' title='bbox 1474 1644 1914 1735; x_wconf 66' lang='lat' dir='ltr'><strong>Germania</strong></span> <span class='ocrx_word' id='word_1_100' title='bbox 1961 1646 2226 1762; x_wconf 88' lang='lat' dir='ltr'><strong>legio,</strong></span> <span class='ocrx_word' id='word_1_101' title='bbox 2265 1680 2454 1734; x_wconf 91' lang='lat' dir='ltr'><strong>cum</strong></span> <span class='ocrx_word' id='word_1_102' title='bbox 2504 1650 2902 1758; x_wconf 87' lang='lat' dir='ltr'><strong>equitibus</strong></span> <span class='ocrx_word' id='word_1_103' title='bbox 2944 1652 3202 1740; x_wconf 90' lang='lat' dir='ltr'><strong>alariis</strong></span> <span class='ocrx_word' id='word_1_104' title='bbox 3226 1716 3255 1760; x_wconf 95' lang='lat'><strong>,</strong></span> <span class='ocrx_word' id='word_1_105' title='bbox 3295 1666 3378 1741; x_wconf 75' lang='grc' dir='ltr'><strong>ὃ(</strong></span> <span class='ocrx_word' id='word_1_106' title='bbox 3427 1690 3569 1773; x_wconf 83' lang='lat' dir='ltr'><strong>pe-</strong></span> 
     </span>
     <span class='ocr_line' id='line_1_12' title="bbox 794 1776 3565 1897; baseline 0.003 -36"><span class='ocrx_word' id='word_1_107' title='bbox 794 1776 1055 1861; x_wconf 88' lang='lat' dir='ltr'><strong>ditatu</strong></span> <span class='ocrx_word' id='word_1_108' title='bbox 1110 1779 1573 1861; x_wconf 84' lang='lat' dir='ltr'><strong>cohortium</strong></span> <span class='ocrx_word' id='word_1_109' title='bbox 1607 1813 1625 1861; x_wconf 88' lang='lat'><strong>:</strong></span> <span class='ocrx_word' id='word_1_110' title='bbox 1664 1777 2186 1887; x_wconf 83' lang='lat' dir='ltr'><strong>retentusque</strong></span> <span class='ocrx_word' id='word_1_111' title='bbox 2229 1779 2492 1861; x_wconf 90' lang='lat' dir='ltr'><strong>omnis</strong></span> <span class='ocrx_word' id='word_1_112' title='bbox 2531 1781 2931 1864; x_wconf 84' lang='lat' dir='ltr'><strong>exercitus</strong></span> <span class='ocrx_word' id='word_1_113' title='bbox 2970 1778 3111 1866; x_wconf 88' lang='lat' dir='ltr'><strong>sub</strong></span> <span class='ocrx_word' id='word_1_114' title='bbox 3160 1781 3507 1897; x_wconf 91' lang='lat' dir='ltr'><strong>pellibus</strong></span> <span class='ocrx_word' id='word_1_115' title='bbox 3530 1843 3565 1892; x_wconf 93' lang='lat'><strong>,</strong></span> 
     </span>
     <span class='ocr_line' id='line_1_13' title="bbox 796 1899 3570 2014; baseline 0.004 -29"><span class='ocrx_word' id='word_1_116' title='bbox 796 1905 1164 2014; x_wconf 88' lang='lat' dir='ltr'><strong>quamvis</strong></span> <span class='ocrx_word' id='word_1_117' title='bbox 1206 1904 1472 1985; x_wconf 90' lang='lat' dir='ltr'><strong>hieme</strong></span> <span class='ocrx_word' id='word_1_118' title='bbox 1500 1900 1696 1989; x_wconf 67' lang='lat' dir='ltr'><strong>saeva</strong></span> <span class='ocrx_word' id='word_1_119' title='bbox 1729 1903 1935 1989; x_wconf 76' lang='lat' dir='ltr'><strong>adeo</strong></span> <span class='ocrx_word' id='word_1_120' title='bbox 1963 1962 1992 2006; x_wconf 96' lang='lat'><strong>,</strong></span> <span class='ocrx_word' id='word_1_121' title='bbox 2030 1928 2123 1985; x_wconf 91' lang='lat' dir='ltr'><strong>ut</strong></span> <span class='ocrx_word' id='word_1_122' title='bbox 2165 1901 2510 1987; x_wconf 70' lang='lat' dir='ltr'><strong>obduEia</strong></span> <span class='ocrx_word' id='word_1_123' title='bbox 2548 1899 2813 2013; x_wconf 89' lang='lat' dir='ltr'><strong>glacie</strong></span> <span class='ocrx_word' id='word_1_124' title='bbox 2837 1964 2865 2006; x_wconf 99' lang='lat'><strong>,</strong></span> <span class='ocrx_word' id='word_1_125' title='bbox 2904 1908 3047 1989; x_wconf 77' lang='lat' dir='ltr'><strong>nisi</strong></span> <span class='ocrx_word' id='word_1_126' title='bbox 3099 1910 3372 1993; x_wconf 77' lang='lat' dir='ltr'><strong>effossa</strong></span> <span class='ocrx_word' id='word_1_127' title='bbox 3410 1914 3570 1995; x_wconf 89' lang='lat' dir='ltr'><strong>hu·-</strong></span> 
     </span>
     <span class='ocr_line' id='line_1_14' title="bbox 796 2027 3571 2143; baseline 0.003 -30"><span class='ocrx_word' id='word_1_128' title='bbox 796 2058 972 2113; x_wconf 89' lang='lat' dir='ltr'><strong>mus</strong></span> <span class='ocrx_word' id='word_1_129' title='bbox 985 2089 1015 2131; x_wconf 91' lang='lat'><strong>,</strong></span> <span class='ocrx_word' id='word_1_130' title='bbox 1053 2032 1416 2113; x_wconf 89' lang='lat' dir='ltr'><strong>tentoriis</strong></span> <span class='ocrx_word' id='word_1_131' title='bbox 1469 2027 1750 2116; x_wconf 91' lang='lat' dir='ltr'><strong>locum</strong></span> <span class='ocrx_word' id='word_1_132' title='bbox 1820 2060 1990 2113; x_wconf 90' lang='lat' dir='ltr'><strong>non</strong></span> <span class='ocrx_word' id='word_1_133' title='bbox 2054 2027 2464 2143; x_wconf 86' lang='lat' dir='ltr'><strong>praeberet.</strong></span> <span class='ocrx_word' id='word_1_134' title='bbox 2521 2028 2887 2113; x_wconf 89' lang='lat' dir='ltr'><strong>Ambusti</strong></span> <span class='ocrx_word' id='word_1_135' title='bbox 2941 2030 3383 2122; x_wconf 87' lang='lat' dir='ltr'><strong>multorum</strong></span> <span class='ocrx_word' id='word_1_136' title='bbox 3437 2068 3571 2120; x_wconf 90' lang='lat' dir='ltr'><strong>ar·-</strong></span> 
     </span>
     <span class='ocr_line' id='line_1_15' title="bbox 794 2151 3571 2269; baseline 0.003 -30"><span class='ocrx_word' id='word_1_137' title='bbox 794 2182 918 2239; x_wconf 88' lang='lat' dir='ltr'><strong>tus</strong></span> <span class='ocrx_word' id='word_1_138' title='bbox 961 2158 1044 2239; x_wconf 91' lang='lat' dir='ltr'><strong>vi</strong></span> <span class='ocrx_word' id='word_1_139' title='bbox 1084 2156 1449 2267; x_wconf 87' lang='lat' dir='ltr'><strong>frigoris,</strong></span> <span class='ocrx_word' id='word_1_140' title='bbox 1502 2166 1587 2242; x_wconf 85' lang='lat'>&amp;</span> <span class='ocrx_word' id='word_1_141' title='bbox 1640 2156 1967 2269; x_wconf 87' lang='lat' dir='ltr'><strong>quidam</strong></span> <span class='ocrx_word' id='word_1_142' title='bbox 2001 2158 2211 2239; x_wconf 86' lang='lat' dir='ltr'><strong>inter</strong></span> <span class='ocrx_word' id='word_1_143' title='bbox 2254 2151 2633 2238; x_wconf 83' lang='lat' dir='ltr'><strong>excubias</strong></span> <span class='ocrx_word' id='word_1_144' title='bbox 2676 2160 3108 2242; x_wconf 83' lang='lat' dir='ltr'><strong>exanimati</strong></span> <span class='ocrx_word' id='word_1_145' title='bbox 3148 2160 3355 2245; x_wconf 90' lang='lat' dir='ltr'><strong>sunt.</strong></span> <span class='ocrx_word' id='word_1_146' title='bbox 3402 2164 3571 2248; x_wconf 89' lang='lat' dir='ltr'><strong>Ad·-</strong></span> 
     </span>
    </p>

    <p class='ocr_par' dir='ltr' id='par_1_5' title="bbox 651 2280 3572 2901">
     <span class='ocr_line' id='line_1_16' title="bbox 651 2280 3567 2401; baseline 0.002 -36"><span class='ocrx_word' id='word_1_147' title='bbox 651 2297 739 2378; x_wconf 86' lang='lat'><strong>15</strong></span> <span class='ocrx_word' id='word_1_148' title='bbox 792 2282 1269 2393; x_wconf 84' lang='lat' dir='ltr'><strong>notatusque</strong></span> <span class='ocrx_word' id='word_1_149' title='bbox 1323 2281 1615 2388; x_wconf 90' lang='lat' dir='ltr'><strong>miles,</strong></span> <span class='ocrx_word' id='word_1_150' title='bbox 1665 2285 1804 2394; x_wconf 91' lang='lat' dir='ltr'><strong>qui</strong></span> <span class='ocrx_word' id='word_1_151' title='bbox 1862 2284 2166 2367; x_wconf 86' lang='lat' dir='ltr'><strong>fascem</strong></span> <span class='ocrx_word' id='word_1_152' title='bbox 2218 2280 2631 2394; x_wconf 87' lang='lat' dir='ltr'><strong>lignorum</strong></span> <span class='ocrx_word' id='word_1_153' title='bbox 2670 2281 3078 2392; x_wconf 84' lang='lat' dir='ltr'><strong>gestabat,</strong></span> <span class='ocrx_word' id='word_1_154' title='bbox 3123 2288 3235 2369; x_wconf 90' lang='lat' dir='ltr'><strong>ita</strong></span> <span class='ocrx_word' id='word_1_155' title='bbox 3289 2290 3567 2401; x_wconf 68' lang='lat' dir='ltr'><strong>pratri-</strong></span> 
     </span>
     <span class='ocr_line' id='line_1_17' title="bbox 790 2408 3571 2520; baseline 0.002 -28"><span class='ocrx_word' id='word_1_156' title='bbox 790 2410 1038 2520; x_wconf 84' lang='lat' dir='ltr'><strong>guiffe</strong></span> <span class='ocrx_word' id='word_1_157' title='bbox 1085 2440 1416 2514; x_wconf 88' lang='lat' dir='ltr'><strong>manus,</strong></span> <span class='ocrx_word' id='word_1_158' title='bbox 1463 2439 1559 2494; x_wconf 88' lang='lat' dir='ltr'><strong>ut</strong></span> <span class='ocrx_word' id='word_1_159' title='bbox 1609 2413 1841 2495; x_wconf 91' lang='lat' dir='ltr'><strong>oneri</strong></span> <span class='ocrx_word' id='word_1_160' title='bbox 1893 2412 2386 2495; x_wconf 84' lang='lat' dir='ltr'><strong>adhaerentes</strong></span> <span class='ocrx_word' id='word_1_161' title='bbox 2415 2469 2443 2512; x_wconf 93' lang='lat'><strong>,</strong></span> <span class='ocrx_word' id='word_1_162' title='bbox 2497 2411 2801 2492; x_wconf 88' lang='lat' dir='ltr'><strong>truncis</strong></span> <span class='ocrx_word' id='word_1_163' title='bbox 2849 2408 3197 2496; x_wconf 90' lang='lat' dir='ltr'><strong>brachiis</strong></span> <span class='ocrx_word' id='word_1_164' title='bbox 3248 2413 3571 2498; x_wconf 90' lang='lat' dir='ltr'><strong>decide·-</strong></span> 
     </span>
     <span class='ocr_line' id='line_1_18' title="bbox 787 2535 3572 2652; baseline 0.002 -34"><span class='ocrx_word' id='word_1_165' title='bbox 787 2563 966 2621; x_wconf 89' lang='lat' dir='ltr'><strong>rent</strong></span> <span class='ocrx_word' id='word_1_166' title='bbox 993 2546 1053 2620; x_wconf 84' lang='lat'><strong>².</strong></span> <span class='ocrx_word' id='word_1_167' title='bbox 1083 2536 1263 2651; x_wconf 91' lang='lat' dir='ltr'><strong>Ipse</strong></span> <span class='ocrx_word' id='word_1_168' title='bbox 1291 2536 1520 2621; x_wconf 90' lang='lat' dir='ltr'><strong>cultu</strong></span> <span class='ocrx_word' id='word_1_169' title='bbox 1547 2535 1758 2640; x_wconf 89' lang='lat' dir='ltr'><strong>levi,</strong></span> <span class='ocrx_word' id='word_1_170' title='bbox 1786 2540 2055 2652; x_wconf 89' lang='lat' dir='ltr'><strong>capite</strong></span> <span class='ocrx_word' id='word_1_171' title='bbox 2081 2540 2382 2621; x_wconf 69' lang='lat' dir='ltr'><strong>inte&amp;o</strong></span> <span class='ocrx_word' id='word_1_172' title='bbox 2407 2595 2435 2638; x_wconf 93' lang='lat'><strong>,</strong></span> <span class='ocrx_word' id='word_1_173' title='bbox 2461 2537 2547 2618; x_wconf 88' lang='lat' dir='ltr'><strong>in</strong></span> <span class='ocrx_word' id='word_1_174' title='bbox 2579 2539 2899 2648; x_wconf 87' lang='lat' dir='ltr'><strong>agmine</strong></span> <span class='ocrx_word' id='word_1_175' title='bbox 2922 2596 2951 2640; x_wconf 95' lang='lat'><strong>,</strong></span> <span class='ocrx_word' id='word_1_176' title='bbox 2994 2540 3080 2619; x_wconf 90' lang='lat' dir='ltr'><strong>in</strong></span> <span class='ocrx_word' id='word_1_177' title='bbox 3109 2535 3572 2646; x_wconf 80' lang='lat' dir='ltr'><strong>laboribus,</strong></span> 
     </span>
     <span class='ocr_line' id='line_1_19' title="bbox 786 2658 3571 2779; baseline 0.003 -36"><span class='ocrx_word' id='word_1_178' title='bbox 786 2662 1158 2773; x_wconf 86' lang='lat' dir='ltr'><strong>frequens</strong></span> <span class='ocrx_word' id='word_1_179' title='bbox 1185 2663 1473 2747; x_wconf 73' lang='lat' dir='ltr'><strong>adesse:</strong></span> <span class='ocrx_word' id='word_1_180' title='bbox 1504 2662 1826 2749; x_wconf 89' lang='lat' dir='ltr'><strong>laudem</strong></span> <span class='ocrx_word' id='word_1_181' title='bbox 1855 2667 2221 2766; x_wconf 88' lang='lat' dir='ltr'><strong>strenuis,</strong></span> <span class='ocrx_word' id='word_1_182' title='bbox 2252 2658 2627 2747; x_wconf 88' lang='lat' dir='ltr'><strong>solatium</strong></span> <span class='ocrx_word' id='word_1_183' title='bbox 2652 2660 3023 2748; x_wconf 89' lang='lat' dir='ltr'><strong>invalidis</strong></span> <span class='ocrx_word' id='word_1_184' title='bbox 3039 2722 3066 2766; x_wconf 92' lang='lat'><strong>,</strong></span> <span class='ocrx_word' id='word_1_185' title='bbox 3095 2662 3571 2779; x_wconf 85' lang='lat' dir='ltr'><strong>exemplum.</strong></span> 
     </span>
     <span class='ocr_line' id='line_1_20' title="bbox 791 2786 3568 2901; baseline 0.001 -29"><span class='ocrx_word' id='word_1_186' title='bbox 791 2787 1166 2873; x_wconf 87' lang='lat' dir='ltr'><strong>omnibus</strong></span> <span class='ocrx_word' id='word_1_187' title='bbox 1199 2791 1632 2874; x_wconf 89' lang='lat' dir='ltr'><strong>ostendere.</strong></span> <span class='ocrx_word' id='word_1_188' title='bbox 1659 2791 1994 2874; x_wconf 89' lang='lat' dir='ltr'><strong>Dehinc</strong></span> <span class='ocrx_word' id='word_1_189' title='bbox 2021 2793 2206 2901; x_wconf 93' lang='lat' dir='ltr'><strong>quia</strong></span> <span class='ocrx_word' id='word_1_190' title='bbox 2231 2789 2603 2874; x_wconf 88' lang='lat' dir='ltr'><strong>duritiam</strong></span> <span class='ocrx_word' id='word_1_191' title='bbox 2631 2786 2803 2874; x_wconf 85' lang='lat' dir='ltr'><strong>caeli</strong></span> <span class='ocrx_word' id='word_1_192' title='bbox 2825 2787 3291 2900; x_wconf 70' lang='lat' dir='ltr'><strong>militiaeque</strong></span> <span class='ocrx_word' id='word_1_193' title='bbox 3321 2788 3568 2876; x_wconf 88' lang='lat' dir='ltr'><strong>multi</strong></span> 
     </span>
    </p>

    <p class='ocr_par' dir='ltr' id='par_1_6' title="bbox 643 2913 3565 3029">
     <span class='ocr_line' id='line_1_21' title="bbox 643 2913 3565 3029; baseline 0.005 -40"><span class='ocrx_word' id='word_1_194' title='bbox 643 2933 747 2988; x_wconf 84' lang='lat'><strong>20</strong></span> <span class='ocrx_word' id='word_1_195' title='bbox 795 2913 1286 3019; x_wconf 88' lang='lat' dir='ltr'><strong>abnuebant,</strong></span> <span class='ocrx_word' id='word_1_196' title='bbox 1316 2916 1983 3029; x_wconf 88' lang='lat' dir='ltr'><strong>deserebantque,</strong></span> <span class='ocrx_word' id='word_1_197' title='bbox 2022 2917 2471 3001; x_wconf 89' lang='lat' dir='ltr'><strong>remedium</strong></span> <span class='ocrx_word' id='word_1_198' title='bbox 2515 2917 2936 3000; x_wconf 86' lang='lat' dir='ltr'><strong>severitate</strong></span> <span class='ocrx_word' id='word_1_199' title='bbox 2972 2917 3379 3026; x_wconf 84' lang='lat' dir='ltr'><strong>quaefitum</strong></span> <span class='ocrx_word' id='word_1_200' title='bbox 3422 2920 3565 3003; x_wconf 87' lang='lat' dir='ltr'><strong>est.</strong></span> 
     </span>
    </p>

    <p class='ocr_par' dir='ltr' id='par_1_7' title="bbox 786 3039 3568 3541">
     <span class='ocr_line' id='line_1_22' title="bbox 791 3039 3568 3158; baseline 0.002 -33"><span class='ocrx_word' id='word_1_201' title='bbox 791 3042 985 3125; x_wconf 89' lang='lat' dir='ltr'><strong>Nec</strong></span> <span class='ocrx_word' id='word_1_202' title='bbox 1032 3043 1246 3125; x_wconf 89' lang='lat' dir='ltr'><strong>enim</strong></span> <span class='ocrx_word' id='word_1_203' title='bbox 1274 3101 1301 3145; x_wconf 92' lang='lat'><strong>,</strong></span> <span class='ocrx_word' id='word_1_204' title='bbox 1348 3070 1442 3127; x_wconf 87' lang='lat' dir='ltr'><strong>ut</strong></span> <span class='ocrx_word' id='word_1_205' title='bbox 1510 3046 1595 3126; x_wconf 89' lang='lat' dir='ltr'><strong>in</strong></span> <span class='ocrx_word' id='word_1_206' title='bbox 1658 3042 1833 3131; x_wconf 90' lang='lat' dir='ltr'><strong>aliis</strong></span> <span class='ocrx_word' id='word_1_207' title='bbox 1887 3042 2416 3149; x_wconf 85' lang='lat' dir='ltr'><strong>exercitibus,</strong></span> <span class='ocrx_word' id='word_1_208' title='bbox 2479 3044 2824 3158; x_wconf 86' lang='lat' dir='ltr'><strong>primum</strong></span> <span class='ocrx_word' id='word_1_209' title='bbox 2865 3039 3362 3156; x_wconf 86' lang='lat' dir='ltr'><strong>alterumque</strong></span> <span class='ocrx_word' id='word_1_210' title='bbox 3413 3044 3568 3130; x_wconf 86' lang='lat' dir='ltr'><strong>de-</strong></span> 
     </span>
     <span class='ocr_line' id='line_1_23' title="bbox 789 3163 3565 3286; baseline 0.003 -38"><span class='ocrx_word' id='word_1_211' title='bbox 789 3163 1067 3250; x_wconf 68' lang='lat' dir='ltr'><strong>liaum</strong></span> <span class='ocrx_word' id='word_1_212' title='bbox 1120 3171 1355 3253; x_wconf 86' lang='lat' dir='ltr'><strong>venia</strong></span> <span class='ocrx_word' id='word_1_213' title='bbox 1409 3170 2032 3286; x_wconf 85' lang='lat' dir='ltr'><strong>prosequebatur</strong></span> <span class='ocrx_word' id='word_1_214' title='bbox 2065 3232 2095 3278; x_wconf 93' lang='lat'><strong>,</strong></span> <span class='ocrx_word' id='word_1_215' title='bbox 2150 3172 2287 3257; x_wconf 91' lang='lat' dir='ltr'><strong>sed</strong></span> <span class='ocrx_word' id='word_1_216' title='bbox 2338 3174 2475 3281; x_wconf 88' lang='lat' dir='ltr'><strong>qui</strong></span> <span class='ocrx_word' id='word_1_217' title='bbox 2522 3170 2736 3282; x_wconf 74' lang='lat' dir='ltr'><strong>signa</strong></span> <span class='ocrx_word' id='word_1_218' title='bbox 2774 3167 3252 3279; x_wconf 89' lang='lat' dir='ltr'><strong>reliquerat,</strong></span> <span class='ocrx_word' id='word_1_219' title='bbox 3299 3173 3565 3255; x_wconf 85' lang='lat' dir='ltr'><strong>statim</strong></span> 
     </span>
     <span class='ocr_line' id='line_1_24' title="bbox 788 3292 3567 3411; baseline 0 -35"><span class='ocrx_word' id='word_1_220' title='bbox 788 3297 1053 3410; x_wconf 90' lang='lat' dir='ltr'><strong>capite</strong></span> <span class='ocrx_word' id='word_1_221' title='bbox 1108 3326 1387 3409; x_wconf 85' lang='lat' dir='ltr'><strong>poenas</strong></span> <span class='ocrx_word' id='word_1_222' title='bbox 1446 3295 1773 3383; x_wconf 88' lang='lat' dir='ltr'><strong>luebat:</strong></span> <span class='ocrx_word' id='word_1_223' title='bbox 1804 3299 2045 3411; x_wconf 92' lang='lat' dir='ltr'><strong>idque</strong></span> <span class='ocrx_word' id='word_1_224' title='bbox 2082 3301 2234 3381; x_wconf 89' lang='lat' dir='ltr'><strong>usu</strong></span> <span class='ocrx_word' id='word_1_225' title='bbox 2273 3294 2622 3398; x_wconf 89' lang='lat' dir='ltr'><strong>salubre,</strong></span> <span class='ocrx_word' id='word_1_226' title='bbox 2654 3303 2738 3380; x_wconf 86' lang='lat'>&amp;</span> <span class='ocrx_word' id='word_1_227' title='bbox 2793 3292 3339 3379; x_wconf 64' lang='lat' dir='ltr'><strong>misericordia</strong></span> <span class='ocrx_word' id='word_1_228' title='bbox 3388 3323 3567 3377; x_wconf 70' lang='lat' dir='ltr'><strong>me«-</strong></span> 
     </span>
     <span class='ocr_line' id='line_1_25' title="bbox 786 3416 3562 3541; baseline 0.003 -41"><span class='ocrx_word' id='word_1_229' title='bbox 786 3416 941 3505; x_wconf 88' lang='lat' dir='ltr'><strong>lius</strong></span> <span class='ocrx_word' id='word_1_230' title='bbox 989 3426 1394 3536; x_wconf 81' lang='lat' dir='ltr'><strong>apparuit.·</strong></span> <span class='ocrx_word' id='word_1_231' title='bbox 1438 3427 1773 3540; x_wconf 85' lang='lat' dir='ltr'><strong>Quippe</strong></span> <span class='ocrx_word' id='word_1_232' title='bbox 1821 3427 2248 3541; x_wconf 87' lang='lat' dir='ltr'><strong>pauciores</strong></span> <span class='ocrx_word' id='word_1_233' title='bbox 2304 3420 2448 3509; x_wconf 89' lang='lat' dir='ltr'><strong>illa</strong></span> <span class='ocrx_word' id='word_1_234' title='bbox 2500 3424 2746 3509; x_wconf 88' lang='lat' dir='ltr'><strong>castra</strong></span> <span class='ocrx_word' id='word_1_235' title='bbox 2806 3422 3259 3526; x_wconf 87' lang='lat' dir='ltr'><strong>deseruere,</strong></span> <span class='ocrx_word' id='word_1_236' title='bbox 3316 3417 3562 3533; x_wconf 70' lang='lat' dir='ltr'><strong>quam</strong></span> 
     </span>
    </p>

    <p class='ocr_par' dir='ltr' id='par_1_8' title="bbox 639 3548 2013 3665">
     <span class='ocr_line' id='line_1_26' title="bbox 639 3548 2013 3665; baseline 0.006 -37"><span class='ocrx_word' id='word_1_237' title='bbox 639 3564 734 3645; x_wconf 88' lang='lat'><strong>25</strong></span> <span class='ocrx_word' id='word_1_238' title='bbox 793 3576 887 3631; x_wconf 87' lang='lat' dir='ltr'><strong>ea</strong></span> <span class='ocrx_word' id='word_1_239' title='bbox 942 3550 1028 3630; x_wconf 89' lang='lat' dir='ltr'><strong>in</strong></span> <span class='ocrx_word' id='word_1_240' title='bbox 1083 3548 1366 3657; x_wconf 90' lang='lat' dir='ltr'><strong>quibus</strong></span> <span class='ocrx_word' id='word_1_241' title='bbox 1414 3551 2013 3665; x_wconf 87' lang='lat' dir='ltr'><strong>ignoscebatur.</strong></span> 
     </span>
    </p>

    <p class='ocr_par' dir='ltr' id='par_1_9' title="bbox 785 3672 3560 3919">
     <span class='ocr_line' id='line_1_27' title="bbox 910 3672 3560 3790; baseline -0 -32"><span class='ocrx_word' id='word_1_242' title='bbox 910 3674 1370 3761; x_wconf 88' lang='lat' dir='ltr'>XXXVI.</span> <span class='ocrx_word' id='word_1_243' title='bbox 1435 3680 1868 3762; x_wconf 64' lang='lat' dir='ltr'><strong>Imaum</strong></span> <span class='ocrx_word' id='word_1_244' title='bbox 1922 3673 2347 3781; x_wconf 83' lang='lat' dir='ltr'><strong>Corbulo,</strong></span> <span class='ocrx_word' id='word_1_245' title='bbox 2378 3672 2839 3790; x_wconf 90' lang='lat' dir='ltr'><strong>legionibus</strong></span> <span class='ocrx_word' id='word_1_246' title='bbox 2864 3677 3073 3758; x_wconf 89' lang='lat' dir='ltr'><strong>intra</strong></span> <span class='ocrx_word' id='word_1_247' title='bbox 3113 3675 3359 3758; x_wconf 89' lang='lat' dir='ltr'><strong>castra</strong></span> <span class='ocrx_word' id='word_1_248' title='bbox 3408 3674 3560 3757; x_wconf 87' lang='lat' dir='ltr'><strong>ha-</strong></span> 
     </span>
     <span class='ocr_line' id='line_1_28' title="bbox 785 3793 3560 3919; baseline 0.001 -37"><span class='ocrx_word' id='word_1_249' title='bbox 785 3793 970 3885; x_wconf 90' lang='lat' dir='ltr'><strong>bitis</strong></span> <span class='ocrx_word' id='word_1_250' title='bbox 994 3861 1025 3906; x_wconf 92' lang='lat'><strong>,</strong></span> <span class='ocrx_word' id='word_1_251' title='bbox 1071 3802 1339 3888; x_wconf 90' lang='lat' dir='ltr'><strong>donec</strong></span> <span class='ocrx_word' id='word_1_252' title='bbox 1392 3834 1537 3890; x_wconf 88' lang='lat' dir='ltr'><strong>ver</strong></span> <span class='ocrx_word' id='word_1_253' title='bbox 1573 3803 2077 3892; x_wconf 87' lang='lat' dir='ltr'><strong>adolesceret</strong></span> <span class='ocrx_word' id='word_1_254' title='bbox 2106 3865 2135 3909; x_wconf 95' lang='lat'><strong>,</strong></span> <span class='ocrx_word' id='word_1_255' title='bbox 2178 3803 2729 3919; x_wconf 72' lang='lat' dir='ltr'><strong>dispositisque</strong></span> <span class='ocrx_word' id='word_1_256' title='bbox 2758 3832 2899 3918; x_wconf 85' lang='lat' dir='ltr'><strong>per</strong></span> <span class='ocrx_word' id='word_1_257' title='bbox 2935 3802 3274 3887; x_wconf 90' lang='lat' dir='ltr'><strong>idoneos</strong></span> <span class='ocrx_word' id='word_1_258' title='bbox 3322 3796 3560 3885; x_wconf 89' lang='lat' dir='ltr'><strong>locos</strong></span> 
     </span>
    </p>
   </div>
   <div class='ocr_carea' id='block_1_3' title="bbox 786 3927 3565 4049">
    <p class='ocr_par' dir='ltr' id='par_1_10' title="bbox 786 3927 3565 4049">
     <span class='ocr_line' id='line_1_29' title="bbox 786 3927 3565 4049; baseline 0 -38"><span class='ocrx_word' id='word_1_259' title='bbox 786 3927 1254 4015; x_wconf 88' lang='lat' dir='ltr'><strong>cohortibus</strong></span> <span class='ocrx_word' id='word_1_260' title='bbox 1284 3929 1726 4017; x_wconf 84' lang='lat' dir='ltr'><strong>auxiliariis</strong></span> <span class='ocrx_word' id='word_1_261' title='bbox 1746 3992 1777 4040; x_wconf 93' lang='lat'><strong>,</strong></span> <span class='ocrx_word' id='word_1_262' title='bbox 1817 3963 1922 4018; x_wconf 90' lang='lat' dir='ltr'><strong>ne</strong></span> <span class='ocrx_word' id='word_1_263' title='bbox 1956 3962 2313 4049; x_wconf 90' lang='lat' dir='ltr'><strong>pugnam</strong></span> <span class='ocrx_word' id='word_1_264' title='bbox 2339 3935 2648 4049; x_wconf 90' lang='lat' dir='ltr'><strong>priores</strong></span> <span class='ocrx_word' id='word_1_265' title='bbox 2698 3930 3082 4017; x_wconf 89' lang='lat' dir='ltr'><strong>auderent</strong></span> <span class='ocrx_word' id='word_1_266' title='bbox 3103 3986 3132 4034; x_wconf 91' lang='lat'><strong>,</strong></span> <span class='ocrx_word' id='word_1_267' title='bbox 3171 3927 3565 4043; x_wconf 85' lang='lat' dir='ltr'><strong>praedicit.</strong></span> 
     </span>
    </p>
   </div>
   <div class='ocr_carea' id='block_1_4' title="bbox 609 4072 650 4079">
    <p class='ocr_par' dir='ltr' id='par_1_11' title="bbox 609 4072 650 4079">
     <span class='ocr_line' id='line_1_30' title="bbox 609 4072 650 4079; baseline 0 0"><span class='ocrx_word' id='word_1_268' title='bbox 609 4072 650 4079; x_wconf 51' lang='grc' dir='ltr'><strong>μ’</strong></span> 
     </span>
    </p>
   </div>
   <div class='ocr_carea' id='block_1_5' title="bbox 784 4212 3595 4943">
    <p class='ocr_par' dir='ltr' id='par_1_12' title="bbox 786 4212 3568 4462">
     <span class='ocr_line' id='line_1_31' title="bbox 860 4212 3564 4309; baseline -0.014 4"><span class='ocrx_word' id='word_1_269' title='bbox 860 4232 890 4301; x_wconf 80' lang='lat'><strong>·&#39;</strong></span> <span class='ocrx_word' id='word_1_270' title='bbox 936 4223 1170 4309; x_wconf 64' lang='lat' dir='ltr'><strong>Nfflm</strong></span> <span class='ocrx_word' id='word_1_271' title='bbox 1229 4249 1305 4292; x_wconf 69' lang='grc' dir='ltr'><strong>ΒΤ</strong></span> <span class='ocrx_word' id='word_1_272' title='bbox 1361 4231 1780 4308; x_wconf 64' lang='grc' dir='ltr'><strong>αῠ-ιετυοει]</strong></span> <span class='ocrx_word' id='word_1_273' title='bbox 1842 4233 1977 4297; x_wconf 85' lang='lat' dir='ltr'><strong>Cor</strong></span> <span class='ocrx_word' id='word_1_274' title='bbox 2022 4250 2132 4296; x_wconf 86' lang='lat' dir='ltr'><strong>ore</strong></span> <span class='ocrx_word' id='word_1_275' title='bbox 2209 4249 2345 4299; x_wconf 80' lang='lat' dir='ltr'><strong>non</strong></span> <span class='ocrx_word' id='word_1_276' title='bbox 2409 4230 2611 4295; x_wconf 71' lang='lat' dir='ltr'><strong>modo</strong></span> <span class='ocrx_word' id='word_1_277' title='bbox 2744 4222 2965 4307; x_wconf 78' lang='lat' dir='ltr'><strong>egatiis</strong></span> <span class='ocrx_word' id='word_1_278' title='bbox 3035 4217 3347 4284; x_wconf 81' lang='lat' dir='ltr'><strong>militibus</strong></span> <span class='ocrx_word' id='word_1_279' title='bbox 3381 4261 3403 4291; x_wconf 89' lang='lat'><strong>,</strong></span> <span class='ocrx_word' id='word_1_280' title='bbox 3455 4212 3564 4277; x_wconf 81' lang='lat' dir='ltr'><strong>sed</strong></span> 
     </span>
     <span class='ocr_line' id='line_1_32' title="bbox 789 4294 3564 4394; baseline -0.013 -6"><span class='ocrx_word' id='word_1_281' title='bbox 789 4300 1083 4393; x_wconf 69' lang='lat' dir='ltr'><strong>vesteque</strong></span> <span class='ocrx_word' id='word_1_282' title='bbox 1127 4303 1363 4394; x_wconf 74' lang='lat' dir='ltr'><strong>nitidi,</strong></span> <span class='ocrx_word' id='word_1_283' title='bbox 1411 4310 1663 4387; x_wconf 72' lang='lat' dir='ltr'><strong>quaesttxs</strong></span> <span class='ocrx_word' id='word_1_284' title='bbox 1697 4308 1914 4382; x_wconf 82' lang='lat' dir='ltr'><strong>avidi,</strong></span> <span class='ocrx_word' id='word_1_285' title='bbox 2064 4310 2134 4375; x_wconf 88' lang='lat' dir='ltr'><strong>in</strong></span> <span class='ocrx_word' id='word_1_286' title='bbox 2209 4309 2403 4375; x_wconf 80' lang='lat' dir='ltr'><strong>etiam</strong></span> <span class='ocrx_word' id='word_1_287' title='bbox 2455 4305 2667 4375; x_wconf 89' lang='lat' dir='ltr'><strong>nobili</strong></span> <span class='ocrx_word' id='word_1_288' title='bbox 2716 4327 2815 4393; x_wconf 46' lang='lat' dir='ltr'><strong>us·</strong></span> <span class='ocrx_word' id='word_1_289' title='bbox 2845 4302 3038 4392; x_wconf 71' lang='lat' dir='ltr'><strong>vitis,</strong></span> <span class='ocrx_word' id='word_1_290' title='bbox 3103 4315 3263 4386; x_wconf 44' lang='lat' dir='ltr'><strong>turn·</strong></span> <span class='ocrx_word' id='word_1_291' title='bbox 3293 4294 3564 4385; x_wconf 63' lang='lat' dir='ltr'><strong>pedum,</strong></span> 
     </span>
     <span class='ocr_line' id='line_1_33' title="bbox 786 4371 3568 4462; baseline -0.002 -21"><span class='ocrx_word' id='word_1_292' title='bbox 786 4378 1460 4462; x_wconf 71' lang='lat' dir='ltr'><strong>hisdrtrflimtsoppidis</strong></span> <span class='ocrx_word' id='word_1_293' title='bbox 1475 4389 1861 4454; x_wconf 85' lang='lat' dir='ltr'><strong>commercio</strong></span> <span class='ocrx_word' id='word_1_294' title='bbox 1877 4389 2131 4453; x_wconf 86' lang='lat' dir='ltr'><strong>intenti.</strong></span> <span class='ocrx_word' id='word_1_295' title='bbox 2209 4405 2345 4453; x_wconf 87' lang='lat' dir='ltr'><strong>tum</strong></span> <span class='ocrx_word' id='word_1_296' title='bbox 2408 4404 2711 4450; x_wconf 82' lang='lat' dir='ltr'><strong>manuum</strong></span> <span class='ocrx_word' id='word_1_297' title='bbox 2755 4382 2820 4443; x_wconf 76' lang='lat' dir='ltr'><strong>dr</strong></span> <span class='ocrx_word' id='word_1_298' title='bbox 2863 4396 2991 4444; x_wconf 79' lang='lat' dir='ltr'><strong>xtos</strong></span> <span class='ocrx_word' id='word_1_299' title='bbox 3060 4374 3351 4439; x_wconf 77' lang='lat' dir='ltr'><strong>decrdrsse</strong></span> <span class='ocrx_word' id='word_1_300' title='bbox 3398 4371 3568 4435; x_wconf 74' lang='lat' dir='ltr'><strong>vidit</strong></span> 
     </span>
    </p>

    <p class='ocr_par' dir='ltr' id='par_1_13' title="bbox 784 4446 3595 4943">
     <span class='ocr_line' id='line_1_34' title="bbox 861 4446 3572 4546; baseline -0.005 -24"><span class='ocrx_word' id='word_1_301' title='bbox 861 4469 887 4499; x_wconf 89' lang='lat'>²</span> <span class='ocrx_word' id='word_1_302' title='bbox 934 4460 1231 4525; x_wconf 73' lang='lat' dir='ltr'><strong>Tnuucrs</strong></span> <span class='ocrx_word' id='word_1_303' title='bbox 1283 4483 1578 4529; x_wconf 64' lang='lat' dir='ltr'><strong>uacuus</strong></span> <span class='ocrx_word' id='word_1_304' title='bbox 1651 4469 2134 4544; x_wconf 63' lang='lat' dir='ltr'><strong>onerantur]</strong></span> <span class='ocrx_word' id='word_1_305' title='bbox 2210 4487 2385 4530; x_wconf 83' lang='lat' dir='ltr'><strong>anno</strong></span> <span class='ocrx_word' id='word_1_306' title='bbox 2441 4473 2603 4546; x_wconf 85' lang='lat'>1569</span> <span class='ocrx_word' id='word_1_307' title='bbox 2636 4459 2804 4523; x_wconf 89' lang='lat' dir='ltr'><strong>Nico</strong></span> <span class='ocrx_word' id='word_1_308' title='bbox 2835 4477 2944 4519; x_wconf 84' lang='lat' dir='ltr'><strong>aus</strong></span> <span class='ocrx_word' id='word_1_309' title='bbox 2996 4452 3413 4526; x_wconf 84' lang='lat' dir='ltr'><strong>Coustureau,</strong></span> <span class='ocrx_word' id='word_1_310' title='bbox 3459 4446 3572 4510; x_wconf 80' lang='lat' dir='ltr'><strong>Vie</strong></span> 
     </span>
     <span class='ocr_line' id='line_1_35' title="bbox 784 4522 3572 4623; baseline -0.008 -19"><span class='ocrx_word' id='word_1_311' title='bbox 784 4537 1050 4620; x_wconf 86' lang='lat' dir='ltr'><strong>Frigore</strong></span> <span class='ocrx_word' id='word_1_312' title='bbox 1109 4539 1415 4605; x_wconf 86' lang='lat' dir='ltr'><strong>deciduos</strong></span> <span class='ocrx_word' id='word_1_313' title='bbox 1492 4562 1792 4607; x_wconf 84' lang='lat' dir='ltr'><strong>manuum</strong></span> <span class='ocrx_word' id='word_1_314' title='bbox 1852 4546 1916 4610; x_wconf 91' lang='lat' dir='ltr'><strong>di</strong></span> <span class='ocrx_word' id='word_1_315' title='bbox 1962 4546 2086 4611; x_wconf 69' lang='lat' dir='ltr'><strong>itos</strong></span> <span class='ocrx_word' id='word_1_316' title='bbox 2116 4594 2136 4621; x_wconf 87' lang='lat'><strong>,</strong></span> <span class='ocrx_word' id='word_1_317' title='bbox 2213 4544 2277 4607; x_wconf 86' lang='lat' dir='ltr'><strong>de</strong></span> <span class='ocrx_word' id='word_1_318' title='bbox 2301 4542 2476 4606; x_wconf 83' lang='lat' dir='ltr'><strong>Louis</strong></span> <span class='ocrx_word' id='word_1_319' title='bbox 2505 4541 2571 4602; x_wconf 76' lang='lat' dir='ltr'><strong>de</strong></span> <span class='ocrx_word' id='word_1_320' title='bbox 2595 4534 2846 4602; x_wconf 80' lang='lat' dir='ltr'><strong>Bourbon</strong></span> <span class='ocrx_word' id='word_1_321' title='bbox 2869 4578 2888 4606; x_wconf 93' lang='lat'><strong>,</strong></span> <span class='ocrx_word' id='word_1_322' title='bbox 2910 4533 3052 4592; x_wconf 83' lang='lat' dir='ltr'><strong>Duc</strong></span> <span class='ocrx_word' id='word_1_323' title='bbox 3072 4522 3572 4623; x_wconf 63' lang='lat' dir='ltr'><strong>deMontpenfier,</strong></span> 
     </span>
     <span class='ocr_line' id='line_1_36' title="bbox 789 4610 3576 4713; baseline -0.005 -34"><span class='ocrx_word' id='word_1_324' title='bbox 789 4617 1186 4682; x_wconf 82' lang='lat' dir='ltr'><strong>exanimatos</strong></span> <span class='ocrx_word' id='word_1_325' title='bbox 1229 4618 1522 4685; x_wconf 86' lang='lat' dir='ltr'><strong>homines</strong></span> <span class='ocrx_word' id='word_1_326' title='bbox 1551 4621 1622 4683; x_wconf 86' lang='lat' dir='ltr'><strong>in</strong></span> <span class='ocrx_word' id='word_1_327' title='bbox 1655 4623 1879 4703; x_wconf 87' lang='lat' dir='ltr'><strong>Belgio</strong></span> <span class='ocrx_word' id='word_1_328' title='bbox 1955 4646 1990 4687; x_wconf 87' lang='lat' dir='ltr'><strong>e</strong></span> <span class='ocrx_word' id='word_1_329' title='bbox 2042 4624 2138 4685; x_wconf 89' lang='lat' dir='ltr'><strong>vi·</strong></span> <span class='ocrx_word' id='word_1_330' title='bbox 2213 4642 2293 4713; x_wconf 80' lang='lat' dir='ltr'><strong>pa</strong></span> <span class='ocrx_word' id='word_1_331' title='bbox 2335 4667 2351 4684; x_wconf 91' lang='lat'><strong><em>.</em></strong></span> <span class='ocrx_word' id='word_1_332' title='bbox 2373 4640 2471 4700; x_wconf 83' lang='lat'><strong>53.</strong></span> <span class='ocrx_word' id='word_1_333' title='bbox 2492 4624 2731 4700; x_wconf 70' lang='lat' dir='ltr'><strong>Soevam</strong></span> <span class='ocrx_word' id='word_1_334' title='bbox 2753 4630 3022 4699; x_wconf 71' lang='lat' dir='ltr'><strong>quoque</strong></span> <span class='ocrx_word' id='word_1_335' title='bbox 3038 4610 3314 4698; x_wconf 68' lang='lat' dir='ltr'><strong>hiemem</strong></span> <span class='ocrx_word' id='word_1_336' title='bbox 3335 4652 3355 4682; x_wconf 92' lang='lat'><strong>,</strong></span> <span class='ocrx_word' id='word_1_337' title='bbox 3379 4622 3576 4687; x_wconf 84' lang='lat' dir='ltr'><strong>quam</strong></span> 
     </span>
     <span class='ocr_line' id='line_1_37' title="bbox 791 4642 3581 4783; baseline -0.007 -23"><span class='ocrx_word' id='word_1_338' title='bbox 791 4693 935 4758; x_wconf 78' lang='lat' dir='ltr'><strong>diffe</strong></span> <span class='ocrx_word' id='word_1_339' title='bbox 962 4716 1137 4760; x_wconf 86' lang='lat' dir='ltr'><strong>anno</strong></span> <span class='ocrx_word' id='word_1_340' title='bbox 1179 4703 1339 4775; x_wconf 83' lang='lat'><em>1468</em></span> <span class='ocrx_word' id='word_1_341' title='bbox 1366 4700 1615 4765; x_wconf 82' lang='lat' dir='ltr'><strong>testatur</strong></span> <span class='ocrx_word' id='word_1_342' title='bbox 1630 4702 1910 4783; x_wconf 84' lang='lat' dir='ltr'><strong>egregius</strong></span> <span class='ocrx_word' id='word_1_343' title='bbox 1936 4701 2137 4781; x_wconf 84' lang='lat' dir='ltr'><strong>scrip·</strong></span> <span class='ocrx_word' id='word_1_344' title='bbox 2215 4642 2546 4762; x_wconf 41' lang='lat' dir='ltr'><strong>rnffierfide</strong></span> <span class='ocrx_word' id='word_1_345' title='bbox 2587 4691 2897 4755; x_wconf 71' lang='lat' dir='ltr'><strong>solimam</strong></span> <span class='ocrx_word' id='word_1_346' title='bbox 2950 4691 3377 4780; x_wconf 47' lang='lat' dir='ltr'><strong>112exetc1tus</strong></span> <span class='ocrx_word' id='word_1_347' title='bbox 3426 4700 3581 4760; x_wconf 83' lang='lat' dir='ltr'><strong>pet-</strong></span> 
     </span>
     <span class='ocr_line' id='line_1_38' title="bbox 791 4764 3585 4858; baseline -0.006 -26"><span class='ocrx_word' id='word_1_348' title='bbox 791 4786 890 4832; x_wconf 81' lang='lat' dir='ltr'><strong>tor</strong></span> <span class='ocrx_word' id='word_1_349' title='bbox 910 4819 930 4847; x_wconf 90' lang='lat'><strong>,</strong></span> <span class='ocrx_word' id='word_1_350' title='bbox 947 4790 1359 4858; x_wconf 84' lang='lat' dir='ltr'><strong>veterumque</strong></span> <span class='ocrx_word' id='word_1_351' title='bbox 1371 4780 1633 4844; x_wconf 69' lang='lat' dir='ltr'><strong>emulus</strong></span> <span class='ocrx_word' id='word_1_352' title='bbox 1650 4824 1670 4852; x_wconf 89' lang='lat'><strong>,</strong></span> <span class='ocrx_word' id='word_1_353' title='bbox 1695 4780 1773 4844; x_wconf 86' lang='lat' dir='ltr'><strong>de</strong></span> <span class='ocrx_word' id='word_1_354' title='bbox 1791 4782 2102 4847; x_wconf 85' lang='lat' dir='ltr'><strong>Comines</strong></span> <span class='ocrx_word' id='word_1_355' title='bbox 2121 4824 2141 4854; x_wconf 91' lang='lat'><strong>,</strong></span> <span class='ocrx_word' id='word_1_356' title='bbox 2217 4775 2410 4856; x_wconf 78' lang='lat' dir='ltr'><strong>persus</strong></span> <span class='ocrx_word' id='word_1_357' title='bbox 2438 4772 2521 4834; x_wconf 87' lang='lat' dir='ltr'><strong>est</strong></span> <span class='ocrx_word' id='word_1_358' title='bbox 2548 4786 2718 4856; x_wconf 69' lang='lat' dir='ltr'><strong>anno</strong></span> <span class='ocrx_word' id='word_1_359' title='bbox 2751 4785 2773 4823; x_wconf 88' lang='lat'>¹</span> <span class='ocrx_word' id='word_1_360' title='bbox 2790 4783 2913 4843; x_wconf 84' lang='lat'><strong>534</strong></span> <span class='ocrx_word' id='word_1_361' title='bbox 2930 4806 2954 4834; x_wconf 64' lang='lat' dir='ltr'><strong>s</strong></span> <span class='ocrx_word' id='word_1_362' title='bbox 2989 4768 3143 4831; x_wconf 69' lang='lat' dir='ltr'><strong>vide</strong></span> <span class='ocrx_word' id='word_1_363' title='bbox 3167 4765 3331 4845; x_wconf 78' lang='lat' dir='ltr'><strong>apud</strong></span> <span class='ocrx_word' id='word_1_364' title='bbox 3358 4764 3585 4823; x_wconf 84' lang='lat' dir='ltr'><strong>Leun-</strong></span> 
     </span>
     <span class='ocr_line' id='line_1_39' title="bbox 793 4840 3595 4943; baseline -0.015 -5"><span class='ocrx_word' id='word_1_365' title='bbox 793 4845 1127 4934; x_wconf 58' lang='lat' dir='ltr'><strong>Mml&#39;ff‘v</strong></span> <span class='ocrx_word' id='word_1_366' title='bbox 1164 4856 1263 4933; x_wconf 67' lang='grc' dir='ltr'><strong>Π»</strong></span> <span class='ocrx_word' id='word_1_367' title='bbox 1313 4861 1509 4939; x_wconf 83' lang='lat' dir='ltr'><strong>14·1n</strong></span> <span class='ocrx_word' id='word_1_368' title='bbox 1552 4857 1764 4925; x_wconf 65' lang='lat' dir='ltr'><strong>Gauii</strong></span> <span class='ocrx_word' id='word_1_369' title='bbox 1801 4857 2141 4943; x_wconf 76' lang='lat' dir='ltr'><strong>plurimis,</strong></span> <span class='ocrx_word' id='word_1_370' title='bbox 2185 4850 2538 4927; x_wconf 59' lang='lat' dir='ltr'><strong>clavium,</strong></span> <span class='ocrx_word' id='word_1_371' title='bbox 2591 4843 2744 4911; x_wconf 69' lang='lat' dir='ltr'><strong>Htst.</strong></span> <span class='ocrx_word' id='word_1_372' title='bbox 2801 4842 3192 4910; x_wconf 76' lang='lat' dir='ltr'><strong>Musulman.</strong></span> <span class='ocrx_word' id='word_1_373' title='bbox 3241 4840 3392 4908; x_wconf 89' lang='lat' dir='ltr'><strong>Col.</strong></span> <span class='ocrx_word' id='word_1_374' title='bbox 3431 4852 3595 4917; x_wconf 75' lang='lat'><strong>77²·</strong></span> 
     </span>
    </p>
   </div>
   <div class='ocr_carea' id='block_1_6' title="bbox 3057 4925 3243 5041">
    <p class='ocr_par' dir='ltr' id='par_1_14' title="bbox 3057 4925 3243 5041">
     <span class='ocr_line' id='line_1_40' title="bbox 3057 4925 3243 5041; baseline -0.038 0"><span class='ocrx_word' id='word_1_375' title='bbox 3057 4925 3243 5041; x_wconf 79' lang='lat' dir='ltr'><strong>Qij</strong></span> 
     </span>
    </p>
   </div>
  </div>
 </body>
</html>
