4975 6149
1514 421 1675 516 ηε
2037 396 3869 494 o.coRNEL11TA01T1

1502 574 2030 661 concordiam
2062 574 2333 684 gigni3
2361 562 2953 653 sed&rebelles
2978 563 3496 650 barbarorum
3517 568 3830 651 animos
3845 596 4046 683 pace
4065 601 4284 658 com-

1217 676 1362 828 *315‘
1384 681 1446 731 ε’
1498 705 1721 816 poni.
1752 704 1942 787 Nec
1972 698 2227 784 defuit
2250 691 2759 805 Polycletus,
2790 696 3266 804 quominus,
3304 696 3629 804 ingenti⁴
3661 698 3986 805 agmine
4026 697 4278 784 Italiae

1259 789 1414 936 ὃς,
1501 825 1946 938 Galliaeque
1981 827 2283 938 gravis,
2310 822 2723 938 postquam
2769 821 3201 904 Oceanum
3249 819 3834 924 transmiserat,
3880 821 4275 911 militibus

1280 972 1389 1032 61.
1495 984 1817 1065 quoque
1868 954 2149 1037 nostris
2208 944 2581 1033 terribilis
2626 946 3064 1030 incederet.
3103 944 3267 1029 Sed
3314 944 3670 1030 hostibus
3729 949 4009 1031 inrisui
4057 952 4214 1035 fuit
4242 1009 4275 1055 ,

1493 1080 1707 1193 apud
1761 1109 1963 1191 quos
1992 1079 2379 1189 flagrante
2429 1076 2674 1157 etiam
2723 1098 2900 1154 tum
2930 1069 3342 1175 libertate,
3389 1070 3756 1155 nondum
3792 1078 4124 1185 cognita
4173 1077 4275 1160 li-
4383 1096 4435 1176 5

1488 1204 1904 1289 bertorum
1945 1205 2309 1319 potentia
2354 1225 2525 1283 erat
2570 1232 2587 1280 ε
2629 1196 3329 1321 mirabanturque,
3383 1198 3604 1308 quod
3646 1200 3851 1304 dux,
3904 1209 3987 1285 ὃ(
4045 1231 4273 1287 exer..

1492 1334 1700 1420 citus
1758 1333 1964 1420 tanti
2011 1326 2213 1413 belli
2267 1326 2681 1413 confefikor
2708 1382 2739 1428 ,
2788 1324 3129 1409 servitiis
3183 1321 3608 1411 obedirent
3667 1337 3723 1409 ¹.
3787 1326 4100 1413 Cunila
4148 1357 4268 1415 ta·-

1487 1488 1679 1542 men
1731 1459 1833 1543 ad
1885 1462 2469 1570 Imperatorem
2534 1455 2623 1537 in
2672 1449 3003 1535 mollius
3060 1446 3334 1535 relata.
3399 1451 3964 1565 Detentusque
4027 1455 4266 1541 rebus

1489 1585 1870 1694 gerundis
1927 1583 2364 1666 Suetonius
2392 1639 2420 1683 ,
2464 1578 2684 1687 quod
2725 1581 2897 1691 post
2957 1608 3247 1692 paucas
3280 1607 3524 1662 naves
3552 1580 3637 1661 in
3678 1576 3969 1683 litore,
4021 1584 4263 1666 remi-

1485 1711 1870 1818 giumque
1923 1711 2008 1790 in
2056 1710 2160 1790 riis
2199 1706 2567 1791 amiserat
2610 1763 2639 1808 ,
2691 1730 3100 1816 tamquam
3139 1700 3473 1788 durante
3523 1701 3798 1809 bello,
3868 1740 3913 1782 «
3947 1709 4261 1792 tradere
4328 1734 4440 1789 10

1481 1864 1530 1910 »
1549 1837 1996 1919 exercitum
2027 1835 2412 1918 Petronio
2437 1830 2922 1946 Turpiliano
2949 1865 3039 1934 »,
3067 1833 3205 1943 qui
3229 1827 3392 1938 jam
3428 1831 3855 1916 consul-atu
3879 1830 4178 1918 abierat
4194 1843 4272 1938 ²,

1481 1954 1827 2065 jubetur.
1868 1961 1945 2044 Is
1974 1991 2138 2045 non
2170 1962 2500 2043 inritato
2525 1961 2747 2042 hoste
2771 2019 2799 2063 ,
2827 1988 3088 2069 neque
3121 1955 3553 2063 lacessituS,
3592 1960 4013 2044 honestum
4040 1964 4264 2074 pacis

1482 2115 1785 2169 nomen
1837 2086 2062 2196 segni
2103 2088 2276 2169 otio
2324 2087 2734 2197 imposuit.

1606 2212 1805 2297 XL.
1870 2210 2227 2295 EODEM
2281 2239 2497 2292 anno
2525 2212 2814 2293 Romae
2873 2212 3206 2320 infignia
3236 2206 3586 2307 scelera,
3634 2203 3973 2291 alterum
4032 2207 4259 2295 sena-

1479 2338 1731 2439 toris,
1771 2332 2040 2418 servili
2067 2332 2407 2419 alterum
2449 2330 2781 2419 audacia
2808 2393 2836 2437 ,
2900 2334 3224 2419 admiffa
3260 2333 3468 2418 sunt.
3508 2332 3925 2428 Domitius
3955 2333 4254 2421 Balbus
4326 2361 4356 2413 1
4379 2358 4426 2437 5

1478 2487 1649 2545 erat
1672 2463 2080 2575 praetorius
2108 2518 2138 2564 ,
2182 2459 2412 2545 simul
2440 2457 2688 2573 longa
2725 2458 3035 2546 senefia
3058 2522 3086 2565 ,
3123 2457 3356 2543 simul
3405 2455 3750 2544 orbitate
3793 2467 3879 2543 δε
3909 2456 4264 2575 pecunia

1473 2586 1772 2671 infidiis
1833 2585 2234 2672 obnoxius
2309 2622 2328 2671 t
2397 2591 2473 2673 ei
2532 2590 3027 2704 propinquus
3070 2585 3438 2675 Valerius
3482 2584 3883 2672 Fabianus
3912 2646 3942 2691 ,
3972 2589 4255 2702 capes-

1474 2711 1740 2797 sendis
1790 2711 2236 2798 honoribus
2291 2714 2718 2799 destinatus
2757 2773 2785 2817 ,
2837 2714 3188 2801 subdidit
3237 2715 3795 2798 testamentum
3830 2771 3860 2814 ,
3930 2713 4252 2799 adscitis

1468 2838 1778 2928 .Vincio
1831 2840 2139 2925 Rufino
2187 2847 2272 2925 ὅ(
2315 2841 2706 2925 Terentio
2757 2840 3171 2944 Lentino,
3225 2837 3625 2950 equitibus
3653 2839 4076 2924 Romanis.
4112 2837 4249 2922 Illi

1471 2963 1928 3047 Antonium
1973 2968 2329 3051 Primum
2364 2976 2424 3068 ³,
2462 2975 2543 3050 δε
2574 2966 2936 3049 Asinium
2965 2964 3461 3052 Marcellum
3510 2966 4036 3051 sociaverant.
4075 2969 4260 3049 An-·
4303 2982 4425 3035 20

1472 3094 1787 3198 tonius,
1818 3088 2150 3178 audacia
2174 3120 2594 3209 promptus
2612 3122 2637 3191 ;
2664 3091 3110 3179 Marcellus
3126 3105 3193 3198 4,
3223 3092 3501 3178 Afinio
3537 3090 3915 3178 Pollione
3941 3123 4246 3208 proavo

1471 3212 1733 3302 clarus
1757 3278 1787 3321 ,
1817 3248 2078 3329 neque
2106 3249 2426 3303 morum
2449 3220 2940 3335 spernendus
2958 3219 3399 3305 habebatur
3418 3280 3449 3323 ,
3482 3220 3623 3302 nifi
3663 3219 3883 3330 quod
3918 3249 4249 3336 pauper-

1467 3368 1719 3427 tatem
1751 3353 1778 3409 ⁵
1805 3348 2295 3459 praecipuum
2320 3345 2722 3429 malorum
2750 3345 3154 3431 credebat.
3199 3347 3460 3458 Igitur
3493 3343 3891 3431 Fabianus
3933 3344 4248 3431 tabulas

1467 3469 1568 3552 iis
1589 3525 1620 3571 ,
1668 3499 1866 3579 quos
1889 3475 2333 3577 memoravi
2363 3532 2391 3576 ,
2428 3479 2512 3555 δε
2536 3470 2713 3557 aliis
2741 3475 3003 3557 minus
3026 3471 3521 3574 inlustribus,
3563 3470 3948 3584 obfignat.
3987 3471 4243 3584 Quod

1464 3593 1682 3706 apud
1713 3621 1973 3708 patres
2016 3600 2502 3683 conviEtum.
2545 3597 2652 3683 Et
2681 3597 3080 3685 Fabianus
3109 3598 3673 3710 Antoniusque
3712 3628 3903 3683 curn
3929 3600 4239 3683 Rufino
4297 3621 4343 3670 2
4361 3616 4413 3697 ς

1464 3725 1554 3803 &
1581 3720 1973 3807 Terentio
2015 3719 2200 3837 lege
2237 3723 2627 3812 Cornelia
2663 3722 2700 3771 ⁶
2745 3721 3790 3838 damnantur.„Marcellum
3849 3727 4242 3844 memoria

1545 3971 1567 4001 ¹
1609 3962 1942 4055 Smyr-ms
1983 3976 2397 4050 osannam-J
2439 3975 2640 4054 AEque
2670 3973 2809 4035 Ro-
2887 3973 3116 4035 Annal.
3161 3975 3292 4043 ΠΙ,
3344 3987 3455 4051 75.
3671 3999 3674 4006 ⁴
3985 4049 3988 4052 .

1459 4042 1646 4103 mane
1688 4042 1851 4106 dunt
1872 4047 1934 4107 P.
1950 4047 2278 4113 Corneille
2303 4097 2323 4127 ,
2349 4050 2557 4115 Cinna
2571 4054 2726 4129 ,1v,
2745 4059 2806 4117 6.
2961 4063 2980 4104 5
3029 4053 3092 4112 N
3100 4071 3179 4111 151
3234 4051 3404 4121 Quoi>
3443 4068 3917 4113 nurum-Areu
3949 4048 3984 4122 ]
4025 4049 4236 4124 Quam

2883 4128 3011 4191 haec
3062 4127 3251 4206 digna
3293 4125 3664 4204 scriptorum
3714 4125 4231 4206 prudentissimo!

2885 4210 3078 4279 Vere,
3115 4207 3265 4267 vere
3316 4207 3551 4268 Seneca
3585 4253 3606 4282 ‚
3650 4208 3763 4285 Ep.
3805 4206 4003 4269 xvn.
4046 4204 4115 4266 Si
4143 4207 4234 4265 vis

2881 4304 3085 4345 vacare
3125 4283 3308 4343 animo
3330 4330 3349 4359 ,
3385 4300 3483 4343 aut
3505 4282 3812 4366 paupersts
3845 4300 4088 4360 oportet,
4133 4299 4233 4343 aut

1537 4355 1567 4388 ²
1609 4351 1741 4412 JAM
1766 4372 2152 4444 con-suurn
2195 4363 2520 4436 Amant]
2567 4363 2650 4423 Ut
2686 4360 2806 4423 suf·
2876 4361 3112 4439 pauperi
3117 4360 3346 4443 similis.
4169 4397 4192 4448 .-

1460 4423 1626 4492 feno
1658 4431 1900 4522 consuli
1931 4433 2107 4497 locus
2142 4435 2305 4500 esset·
2336 4437 2617 4502 Petronii
2644 4460 2804 4504 con-
2960 4445 2989 4484 ⁶
3030 4444 3209 4504 Leon
3249 4445 3590 4505 Gonnum
3622 4444 3654 4519 ]
3718 4443 3892 4523 Lege
3926 4436 4225 4504 Cornelii

1462 4503 2028 4576 sulatum-vld1mus
2055 4512 2233 4595 supra
2263 4536 2336 4579 ca
2381 4562 2398 4578 .
2426 4539 2536 4594 29.
2883 4520 2961 4584 de
2992 4518 3151 4590 fallis
3192 4567 3214 4598 ,
3268 4541 3457 4601 quam
3514 4521 3660 4586 tulit
3693 4519 4025 4584 Cornelius
4054 4520 4092 4576 S
4141 4515 4228 4577 112

1492 4656 1510 4670 .
1539 4594 1563 4637 ³
1607 4588 1954 4653 Ain-romum
1984 4595 2305 4682 Karmina]
2369 4597 2605 4678 ngenio
2632 4619 2806 4664 acer-
2882 4599 3164 4664 dietator.
3234 4600 3333 4664 De
3370 4598 3484 4663 hac
3533 4601 3591 4664 le
3635 4622 3668 4664 e
3716 4597 3914 4661 Julius
3961 4598 4083 4657 Pau
4109 4615 4221 4682 us,

1456 4677 1721 4738 fimum,
1761 4666 1925 4757 sarni
1964 4670 2096 4765 yrta
2142 4676 2632 4766 ‚ue-probrosum
2659 4726 2679 4756 ,
2726 4681 2804 4744 de
2880 4681 3161 4745 Sentent.
3196 4682 3321 4752 IV,
3357 4679 3488 4742 Tit.
3509 4699 3572 4757 7.
3654 4678 3773 4741 ele
3817 4671 4168 4765 eCotnehast
4197 4718 4223 4749 ,

1458 4755 1590 4814 quo
1614 4743 1809 4805 multa
1829 4746 1989 4809 infra
2017 4771 2085 4811 in
2139 4754 2288 4842 ibris
2309 4755 2738 4822 Historiarum.
2882 4760 3035 4851 Leg.
3069 4780 3121 4821 1.
3166 4756 3289 4839 Qui
3318 4696 3889 4848 tellamentumfaffitm
3901 4750 4220 4830 scripserit,

1536 4822 1568 4861 4
1606 4817 2049 4913 Manent-„um
2092 4831 2253 4895 Vide
2276 4835 2549 4898 Stemma
2567 4838 2804 4903 Pollio·
2879 4827 3930 4914 recztaveric,fiabJecerit‚fignaverit,
3960 4830 4222 4908 fiappref·

1456 4907 1614 4956 num
1658 4914 1727 4959 m
1756 4898 1949 4966 Notis
1995 4905 2067 4972 ὃς
2104 4907 2670 4989 Emendationibus
2722 4918 2803 4987 ad
2897 4920 3038 5001 eric,
3089 4914 3355 4982 amoverit
3384 4957 3413 4994 ,
3460 4909 3817 4994 rqfignaren't
3837 4957 3866 4995 ,
3906 4907 4168 4977 deleverit
4193 4953 4228 4989 ‚

1526 4163 1714 4218 'lamnis
1730 4185 1791 4219 un
1815 4170 2039 4233 affianchi
2056 4173 2167 4238 n’est
2185 4181 2324 4242 qu'un
2343 4177 2520 4240 esi-lave
2540 4177 2715 4239 infame
2735 4214 2753 4236 ,

1525 4233 1650 4286 Bien
1665 4237 1779 4303 qu’il
1800 4239 1977 4306 change
1989 4240 2152 4301 (Γέται,
2180 4243 2217 4292 il
2237 4258 2295 4293 ne
2308 4243 2485 4311 change
2494 4243 2804 4310 poinrii'ame.
