4975 6149
920 361 1744 458 ANNALruM
1803 365 2241 458 LIBER
2302 317 3196 468 UNDECIMUS.
3384 402 3451 488 7

646 536 854 629 flens
907 530 1305 626 Vitellius
1351 529 1992 617 commemorata
2030 533 2420 619 vetustate
2473 538 2843 625 amicitiae
2869 601 2899 648 ,
2950 568 3199 657 utque
3266 548 3444 631 An..
3492 582 3728 631 ΞΒ

646 669 968 757 toniam
987 676 1049 769 ¹,
1076 661 1481 776 Principis
1508 683 1890 763 matrem,
1917 662 2212 775 pariter
2237 658 2814 771 observaffent,
2846 667 3037 754 dein
3061 674 3442 787 percurfis
3491 662 3636 714 Αϋ
3659 664 3725 720 C·

652 917 947 1007 militia
971 979 1003 1025 ,
1074 944 1407 1031 quaeque
1476 911 1636 998 alia
1700 910 2228 1000 conciliandae
2279 917 2842 1005 misericordia:
2907 922 3438 1015 videbantur:

543 1072 600 1156 5
656 1048 1003 1136 liberum
1053 1049 1132 1131 ei
1182 1044 1471 1129 mortis
1524 1040 1937 1126 arbitrium
1995 1043 2377 1156 permisit:
2418 1052 2504 1128 &
2552 1045 2828 1131 secuta
2874 1048 3058 1136 sunt
3108 1049 3439 1142 Claudii

538 1157 547 1167 ⁶
657 1175 955 1279 verba,
1004 1176 1091 1257 in
1140 1171 1513 1257 eamdem
1577 1165 2122 1254 clementiam.
2163 1170 2703 1258 Hortantibus
2757 1173 3059 1261 dehinc
3114 1180 3440 1288 quibus·-

659 1304 850 1388 dam
873 1300 1221 1386 inediam
1247 1306 1278 1343 ²
1312 1306 1397 1382 ὃ(
1426 1293 1699 1380 lenem
1723 1298 2072 1401 exitum,
2096 1299 2504 1383 remittere
2529 1296 3018 1385 beneficium
3041 1303 3440 1396 Astaticus

661 1433 836 1515 ait:
894 1437 979 1513 &
1041 1427 1430 1542 usurpatis
1491 1421 1778 1535 quibus
1843 1423 2297 1509 insueverat
2371 1426 3083 1515 exercitationibus
3113 1490 3141 1535 ,
3201 1430 3442 1519 lauto

664 1584 1004 1671 corpore
1032 1614 1060 1659 ,
1091 1552 1348 1637 hilare
1379 1550 1751 1666 epulatus
1777 1609 1807 1656 ,
1848 1554 2032 1635 cum
2059 1550 2141 1635 se
2169 1553 2572 1637 honestius
2603 1551 3048 1640 calliditate
3073 1557 3433 1665 Tiberii,

496 1708 602 1772 ιο
658 1680 791 1768 vel
840 1685 1158 1796 impetu
1197 1680 1298 1763 C.
1349 1677 1674 1762 Caesaris
1717 1682 2162 1794 periturum
2204 1678 2518 1763 dixiss‘et
2543 1739 2571 1784 ,
2625 1679 2867 1792 quam
2901 1683 3122 1790 quod
3150 1684 3433 1772 fraude

653 1805 1038 1892 muliebri
1090 1814 1177 1890 ὅ(
1226 1804 1665 1920 impudico·
1706 1802 2029 1893 Vitellii
2101 1834 2240 1889 ore
2295 1805 2671 1911 caderet,
2736 1836 2982 1893 venas
3031 1809 3430 1895 exsolvit:

653 1935 836 2021 viso
892 1961 1166 2017 tamen
1215 1932 1394 2017 ante
1439 1962 1645 2045 rogo
1672 1990 1702 2035 ,
1753 1927 2116 2044 jussoque
2173 1933 2582 2016 transferri
2634 1960 2942 2047 partem
2994 1936 3079 2016 in
3129 1933 3368 2021 aliam
3397 1995 3434 2041 ,

656 2090 763 2146 ne
828 2062 1187 2175 opacitas
1254 2055 1628 2144 arborum
1679 2085 1982 2172 vapore
2041 2059 2254 2170 ignis
2316 2061 2837 2145 minueretur.
2891 2061 3253 2144 Tantum
3302 2060 3434 2148 illi

652 2188 1100 2272 securitatis
1150 2185 1579 2270 noviffimae
1631 2183 1813 2269 fuit.

779 2315 822 2396 I
849 2317 957 2399 V.
1021 2316 1101 2400 V
1127 2341 1183 2398 o
1211 2340 1262 2397 c
1292 2340 1345 2396 A
1370 2339 1426 2396 N
1454 2338 1511 2396 Τ
1537 2337 1595 2396 n
1625 2335 1679 2395 R
1756 2313 1931 2429 post
2003 2314 2176 2397 haec
2242 2335 2506 2426 patres
2533 2371 2563 2418 ,
2624 2314 3052 2429 pergitque
3124 2311 3440 2401 Suilius

650 2439 945 2525 addere
1011 2469 1193 2524 reos
1255 2444 1565 2551 equites
1623 2440 2048 2524 Romanos
2095 2435 2458 2523 inlustres
2491 2497 2519 2542 ,
2576 2437 2863 2549 quibus
2915 2437 3169 2522 Petra
3222 2470 3436 2553 cog-⁴

652 2576 1182 2651 nomentum³
1224 2595 1251 2663 ;
1303 2598 1407 2652 ac
1444 2565 1680 2652 causa
1723 2570 1947 2651 necis
1973 2626 2002 2669 ,
2057 2563 2277 2676 quod
2332 2565 2676 2651 domum
2720 2566 2939 2650 suam
2977 2562 3288 2655 Valerii
3340 2575 3429 2651 ὃς

648 2693 1007 2809 Poppaeae
1060 2693 1603 2806 congreffibus
1653 2691 2183 2808 praebuiss‘ent.
2230 2694 2539 2779 Verum
2590 2724 2641 2768 ‹t-
2677 2696 3077 2777 noEturnae
3135 2695 3433 2803 quietis'

651 2819 1023 2934 »species
1048 2855 1093 2897 >2
1131 2818 1365 2905 alteri
1400 2819 1705 2928 objecta
1733 2880 1760 2923 ,
1807 2854 1853 2896 «
1889 2844 2296 2929 tamquam
2335 2818 2651 2902 vidiffet
2679 2816 3115 2904 Claudium
3149 2815 3424 2933 spicea

494 2966 611 3033 20
662 2942 1031 3029 »corona
1098 2949 1501 3030 evinfiium
1537 2980 1599 3049 ,·
1636 2947 1874 3060 spicis
1932 2971 2151 3030 retro
2222 2944 2623 3029 converfis
2660 2978 2692 3026 :-
2757 2941 3007 3056 eaque
3069 2946 3430 3057 imagine

659 3073 1199 3185 »gravitatem
1221 3105 1549 3159 annonae
1574 3073 1890 3159 dixisset
1914 3108 1959 3151 >2
1981 3136 2002 3158 .
2032 3072 2391 3186 Quidam
2430 3107 2476 3149 c<
2500 3074 3010 3189 pampineam
3035 3102 3436 3158 coronam·

656 3197 1175 3289 »albentibus
1209 3198 1427 3287 foliis
1478 3200 1733 3286 visam
1769 3233 1814 3275 »
1831 3257 1861 3304 ,
1896 3224 2162 3308 aitque⁴
2202 3232 2247 3273 <c
2278 3202 2390 3282 ita
2439 3202 3053 3312 interpretatum
3079 3234 3123 3275 »
3178 3198 3426 3283 tradi-

651 3318 843 3410 ‘dere
870 3384 902 3429 ,
964 3358 1016 3402 <t
1053 3355 1436 3439 vergente
1483 3352 1874 3416 autumno
1923 3348 2273 3407 mortem
2309 3324 2704 3436 Principis
2745 3323 3052 3407 ostendi
3081 3355 3166 3405 n.
3203 3318 3427 3405 Illud

654 3451 868 3539 haud
895 3450 1353 3568 ambigitur,
1369 3452 1941 3567 qualicumque
1967 3451 2399 3554 insomnio,
2418 3449 2961 3565 ipsifratrique
2978 3449 3426 3565 perniciem

497 2332 599 2418 ¹5

655 3716 724 3783 δε
757 3717 1026 3810 Μῼοτὶω
1063 3720 1283 3786 seriem
1321 3723 1702 3789 attendatur.
1737 3720 1996 3788 Scilicet

655 3797 883 3888 Valerri
923 3793 1177 3865 Aiiatici
1218 3800 1588 3886 defenfioqne
1631 3818 1994 3868 commotus

657 3876 986 3955 Claudius,
1019 3879 1199 3961 super
1228 3880 1632 3946 absolutione
1662 3881 1995 3945 consultat.

656 3951 820 4044 Tum
860 3954 1159 4022 subdolus
1189 3958 1483 4024 Vitellius
1503 4007 1523 4036 ,
1554 3980 1745 4041 quern
1782 3960 1999 4023 Messa-

656 4031 783 4095 lma
815 4053 1151 4100 monuerat
1184 4058 1268 4101 ne
1309 4039 1476 4102 elabi
1511 4059 1688 4101 reum
1729 4037 1995 4115 fineret,

655 4110 807 4173 flens
847 4131 1310 4181 commemorat
1349 4116 1698 4181 suam-cum
1719 4115 1995 4181 Afiatico

2072 3716 2527 3786 imbecillitatis
2561 3730 3002 3798 argumentum*
3047 3716 3171 3788 est,
3211 3716 3427 3781 secuta

2072 3801 2212 3865 sunt
2231 3801 2361 3878 ejus
2377 3799 2572 3861 verba
2594 3800 2661 3859 in
2681 3798 2968 3860 eamdem
2989 3796 3413 3859 clementiam.

2072 3880 2252 3944 Unde
2283 3877 2516 3942 merito
2553 3875 2718 3939 dixit
2754 3874 3052 3939 Asiaticus
3091 3874 3153 3937 se
3190 3873 3422 3938 hones-¹

2073 3958 2195 4023 tius
2251 3956 2596 4020 calliditate
2652 3950 2947 4030 Tiberii,
3007 3953 3112 4017 vel
3175 3952 3425 4034 impetu

2075 4036 2218 4102 Caii
2264 4034 2515 4101 Caesaris
2550 4033 2897 4115 periturum
2919 4080 2940 4109 ,
3047 4033 3192 4094 uam
3244 4031 3418 4120 quod

2072 4115 2290 4180 fraude
2324 4113 2667 4192 muliebri,
2699 4114 2772 4178 &
2816 4112 2990 4193 impu
3036 4131 3143 4175 ico
3172 4108 3420 4175 Vitellu

654 4189 997 4254 amicitiam
1017 4238 1039 4266 ‚
1067 4209 1265 4276 utque
1305 4197 1652 4259 Antoniam
1679 4243 1701 4271 ‚
1739 4195 1998 4259 Claudii

654 4283 958 4360 matrem,
995 4272 1223 4363 pariter
1269 4275 1706 4340 oblervass'ent.
1747 4275 1999 4340 Deinde

652 4364 964 4436 percurrit
979 4369 1149 4413 varra
1175 4350 1422 4417 Asiatici
1445 4353 1514 4415 in
1542 4354 1998 4433 rempublicam

654 4425 865 4515 officia
888 4469 909 4499 ,
948 4444 1388 4511 recentemque
1421 4432 1492 4494 in
1526 4431 1849 4495 Britannia
1881 4432 2001 4494 mi-

651 4500 890 4594 litiam?
921 4505 994 4570 &
1025 4506 1182 4597 alia,
1214 4529 1349 4589 quae
1374 4510 1789 4576 conciliandae
1819 4511 2001 4574 mise-

651 4582 934 4645 ricotdrae
977 4587 1378 4651 videbantur.
1413 4592 1496 4653 At
1542 4604 1868 4653 veterator
1901 4589 2000 4651 vi-

651 4673 775 4721 tam
824 4659 1082 4727 Asiatici
1142 4685 1277 4729 non
1328 4684 1512 4750 rogat
1541 4690 1564 4748 ;
1618 4667 1720 4730 sed
1749 4713 1770 4742 ,
1876 4667 1999 4730 uafi

651 4756 887 4827 magnae
904 4740 1051 4806 effet
1068 4744 1423 4810 clementiae
1441 4792 1461 4822 ‚
1484 4744 1797 4828 permittit
1872 4746 2001 4807 lau·

652 4815 762 4878 dio
786 4820 1007 4883 mortis
1044 4821 1382 4885 arbitrium
1400 4871 1421 4901 ,
1450 4826 1652 4890 modo
1684 4825 1885 4888 libera
1905 4823 1999 4887 fit.

2075 4217 2187 4260 ore
2220 4195 2492 4258 caderet.

2074 4355 2077 4358 Δ
2154 4283 2183 4315 1‘
2202 4277 2554 4338 Ari-roman
2569 4276 2600 4350 ]
2618 4267 2783 4346 Yide
2793 4273 3067 4334 Stemma
3080 4260 3421 4341 Caesarum,·

2072 4373 2249 4418 num.
2320 4375 2381 4416 ι.

2149 4443 2178 4473 ²
2223 4377 2618 4510 Qinwsnan
2662 4424 2993 4499 manum]
3047 4420 3244 4484 Forte
3323 4417 3420 4510 ,ί-

2071 4510 2292 4592 busdam
2325 4507 2402 4570 ad
2439 4507 2702 4571 inediam.
2726 4504 2907 4569 Dixit
2931 4519 3144 4565 tamen
3165 4499 3290 4561 Tul
3316 4518 3418 4560 rus

2072 4590 2339 4654 Catilin.
2364 4590 2393 4650 1
2410 4634 2431 4664 ‚
2472 4610 2568 4650 12.
2593 4583 2732 4666 quod
2755 4602 2807 4643 te
2830 4583 2951 4660 jam
2985 4576 3189 4639 dudum
3208 4577 3416 4667 hortor.

2152 4681 2177 4725 ³
2225 4672 2472 4745 anus
2497 4670 2711 4728 Parati
2737 4678 3224 4723 coenonema-tm
3252 4657 3419 4731 ]V1··

2073 4747 2151 4808 de
2181 4749 2383 4809 Notas
2433 4745 2504 4806 δε
2538 4737 3029 4802 Emendationes
3061 4738 3142 4799 ad
3179 4732 3413 4796 Annal-

2071 4827 2158 4885 xl
2181 4871 2200 4900 ,
2239 4846 2300 4902 4.
2332 4822 2430 4882 De
2465 4819 2783 4901 equitibus
2819 4817 3152 4884 illustribus
3180 4812 3421 4879 diam

651 4891 761 4977 Et,
809 4899 984 4979 quod
1008 4901 1376 4970 Claudianae
1403 4902 1474 4972 in
1492 4905 1679 4972 rebus
1708 4902 2003 4987 gerendis
2072 4902 2252 4986 supra
2284 4899 2640 5004 mal-112
2680 4918 2790 4982 59·

650 796 992 882 Asiatici
1029 794 1122 875 in
1148 783 1743 902 rempublicam
1758 785 2051 872 officiis
2067 791 2540 901 recentique
2556 791 2928 879 adversus
2943 797 3442 889 Britanniam
3526 757 3679 917 ἔσο·

3623 871 3689 922 C.

3546 980 3657 1043 47·
