4975 6149
915 375 1566 468 ANNALIUM
1627 373 1974 461 LIBER
2038 372 2553 464 DECIMUS
2621 382 3161 495 QUINTUS.
3267 416 3314 467 2
3343 412 3369 466 1
3394 412 3436 492 5

654 571 782 633 tot
805 573 949 661 per
977 570 1240 626 annos
1270 535 1624 621 militum
1640 562 1889 647 atque
1919 535 2266 618 hostium
2295 566 2586 649 gnarus
2612 601 2639 643 ‚
2694 541 3061 653 gerendae
3105 546 3220 628 rei
3264 575 3450 659 prae-
3487 576 3725 621 ΞΕ
3794 658 3797 659 ἡ

653 676 925 759 ficitur
949 730 976 774 ,
1026 698 1129 752 ne
1162 662 1745 775 cujus-alterius
1773 658 2092 745 inscitia
2128 664 2436 747 rursum
2476 694 2951 779 peccaretur
2975 731 3002 774 ,
3044 674 3226 781 quia
3253 674 3445 757 Paeti
3490 654 3724 803 '³3:¹3⁰‘

654 797 1329 917 piguerat.Igitur
1351 794 1572 876 inriti
1603 791 2163 894 remittuntur,
2207 820 2394 878 cum
2425 791 2660 875 donis
2691 818 3004 900 tamen,
3032 797 3247 887 unde
3268 799 3442 914 spes
3545 857 3595 907 J,
3628 854 3686 903 0,

655 930 888 1018 fieret
939 986 966 1030 ,
1052 953 1221 1007 non
1272 920 1548 1003 frustra
1581 916 1887 1009 ,eadem
1907 942 2319 1001 oraturum
2340 918 2766 1003 Tiridaten
2794 982 2823 1025 ‚
2872 922 2926 1002 s1
2964 953 3243 1038 preces
3274 928 3445 1041 ipse
3552 944 3658 1016 63.

557 1076 600 1156 5
660 1052 1072 1141 attuliss‘et.
1112 1051 1520 1160 Syriaeque
1557 1045 1978 1129 exsecutio
2010 1044 2282 1128 Cestio
2314 1056 2374 1152 ¹,
2410 1049 2667 1161 copiae
2709 1046 3094 1133 militares
3136 1050 3446 1135 Corbu-

656 1181 836 1266 loni
887 1177 1313 1295 permissae,
1370 1182 1453 1259 &
1483 1172 2080 1284 quintadecima
2118 1171 2379 1284 legio,
2429 1172 2777 1258 ducente
2810 1176 3083 1259 Mario
3114 1175 3359 1261 Celso
3412 1203 3449 1285 ,'

663 1301 1156 1393 ePannonia
1209 1298 1511 1410 adjeEta
1569 1302 1703 1383 est.
1755 1298 2153 1384 Scribitur
2211 1302 2634 1384 tetrarchis
2693 1333 2788 1385 ac
2841 1301 3218 1414 regibus,
3260 1336 3447 1421 prae-

665 1433 1047 1544 {eritisque
1111 1441 1193 1516 ὃ(
1255 1424 1964 1545 procuratoribuS,
2017 1434 2102 1510 ὃ(
2159 1428 2296 1537 qui
2348 1455 2777 1543 praetorum
2827 1430 3203 1520 finitimas
3251 1464 3447 1547 pro-

667 1563 976 1645 vincias
1022 1551 1465 1671 regebant,
1534 1589 1580 1630 «
1649 1551 1857 1658 juffis
1885 1551 2382 1640 Corbulonis
2431 1552 2766 1665 obsequi
2818 1589 2910 1660 »,
2986 1559 3070 1640 in
3126 1585 3445 1644 tantum

489 1723 613 1776 ιο
666 1689 917 1772 ferme
986 1686 1316 1771 modum
1377 1676 1603 1769 aua&
1643 1682 2031 1797 potestate
2070 1741 2098 1784 ,
2138 1710 2379 1791 quem
2435 1679 2787 1795 populus
2832 1685 3255 1769 Romanus
3284 1686 3443 1771 Cn.

665 1817 1062 1928 Pompeio
1118 1822 1192 1916 ²,
1243 1809 1554 1896 bellum
1592 1810 2035 1893 Piraticum
2093 1809 2410 1918 gesturo
2446 1869 2473 1911 ,
2548 1809 2902 1893 dederat.
2963 1813 3443 1925 Regreffum

665 1945 971 2028 Paetum
996 2000 1025 2044 ,
1085 1946 1270 2025 cum
1308 1940 1680 2052 graviora
1709 1961 2108 2019 metueret
2134 1994 2162 2037 ,
2203 1933 2517 2018 facetiis
2565 1935 2926 2021 insectari
2949 1938 3133 2023 satis
3160 1939 3445 2025 habuit

675 2068 973 2170 Caesar,
1013 2070 1134 2152 his
1161 2067 1415 2152 ferme
1446 2062 1709 2149 verbis
1742 2097 1759 2146 ε
1807 2096 1852 2137 «
1891 2061 2325 2173 Ignoscere
2364 2062 2446 2143 se
2480 2062 2899 2166 statim,ne
2930 2091 3094 2149 tam
3124 2097 3446 2185 promp-

668 2224 859 2281 »tus
892 2198 972 2277 in
1013 2223 1439 2309 pavorem,
1495 2189 1875 2304 longiore
1905 2185 2458 2308 sollicitudine
2482 2189 2946 2301 aegresceret
2976 2226 3021 2269 »
3043 2256 3065 2277 .

491 2347 606 2431 15
793 2322 1153 2406 XXVI.
1219 2324 1370 2403 AT
1423 2315 1793 2404 Corbulo
1824 2377 1852 2419 ,
1923 2309 2203 2425 quarta
2263 2320 2347 2397 ὅ(
2401 2312 2886 2401 duodecima
2925 2315 3384 2432 legionibus
3416 2382 3447 2425 ,

667 2479 835 2561 quae
861 2447 1277 2534 fortiffimo
1309 2475 1632 2559 quoque
1661 2442 1938 2530 amisso
1964 2501 1991 2545 ,
2033 2451 2116 2527 &
2142 2443 2430 2526 ceteris
2456 2445 2858 2528 exterritis
2887 2505 2914 2547 ‚
2970 2478 3251 2563 parum
3304 2452 3448 2533 ha-

665 2573 869 2660 biles
907 2573 1201 2690 proelio
1226 2573 1748 2676 videbantur,
1793 2574 1880 2653 in
1913 2572 2229 2680 Syriam
2257 2570 2647 2655 transsatis
2676 2630 2704 2673 ,
2765 2571 3072 2658 sextam
3122 2574 3309 2659 inde
3349 2604 3450 2662 ac

663 2705 986 2786 tertiam
1020 2701 1384 2814 legiones
1421 2759 1448 2803 ,
1496 2704 1905 2814 integrum
1941 2692 2288 2781 militem
2317 2758 2345 2802 ,
2402 2705 2486 2781 ὃ(
2548 2696 2844 2782 crebris
2896 2732 2992 2786 ac
3049 2702 3446 2818 prosperis

663 2825 1080 2913 laboribus
1123 2830 1569 2912 exercitum
1592 2886 1621 2930 ,
1678 2829 1764 2909 in
1813 2826 2284 2908 Armeniam
2337 2824 2590 2909 ducit.
2639 2824 3137 2938 Addiditque
3174 2827 3448 2941 legio-

478 2983 614 3039 20
670 2983 859 3037 nem
903 2957 1319 3066 quintam,
1368 2984 1535 3065 quae
1598 2982 1738 3068 per
1790 2953 2145 3036 Pontum
2188 2980 2484 3064 agens,
2540 2980 2825 3065 expers
2878 2951 3126 3038 cladis
3154 2955 3444 3046 fuerat.

667 3080 932 3165 Simul
958 3082 1703 3193 quintadecimanos
1730 3140 1758 3183 ,
1806 3080 2086 3166 recens
2140 3080 2522 3165 adduEtos
2548 3140 2574 3183 ,
2622 3087 2705 3163 ὃ(
2749 3077 3449 3169 νεκίΙῙα-ἀεΙεᾶο-

666 3238 848 3290 rum
886 3238 988 3291 ex
1011 3206 1351 3321 Illyrico
1381 3216 1466 3292 ὅ(
1494 3211 1868 3322 AEgypto
1896 3269 1925 3312 ‚
1982 3206 2360 3320 quodque
2407 3205 2711 3290 alarum
2764 3208 3386 3319 cohortiumque
3415 3273 3444 3316 ‚

666 3342 751 3419 ὃ(
803 3334 1100 3420 auxilia
1143 3364 1428 3450 regum
1483 3338 1571 3419 in
1626 3365 1882 3419 unum
1918 3336 2318 3421 condu&a
2381 3332 2595 3449 apud
2633 3333 3091 3420 Melitenen
3137 3345 3158 3393 ³
3204 3394 3233 3438 ,
3288 3336 3443 3451 qua

747 3577 767 3607 ¹
816 3567 1110 3642 Cnsno]
1153 3566 1334 3644 Apud
1360 3565 2017 3645 Harduinumssele&
2097 3585 2400 3651 quantum
2442 3568 2667 3632 liberet
2715 3565 2953 3646 argenti
2994 3588 3071 3631 ex
3112 3567 3328 3630 aeratio
3372 3568 3447 3634 &t

665 3648 858 3725 Oper.
893 3667 1028 3727 pag.
1063 3666 1143 3707 22
1168 3646 1238 3708 δε
1261 3651 1404 3722 636.
1435 3644 1697 3710 habetur
1725 3668 2017 3710 nummus
2096 3647 2449 3729 publicanis
2476 3695 2496 3726 e
2555 3645 2970 3727 ducentasque
3021 3667 3210 3710 naves
3243 3646 3447 3711 sume-

665 3724 933 3789 biennio
1044 3724 1131 3789 ost
1180 3722 1351 3786 cusus
1404 3743 1421 3783 ε
1483 3725 1512 3784 1
1538 3724 1683 3787 ΜΡ.
1738 3728 2015 3789 NERO
2095 3744 2191 3792 ret
2221 3750 2238 3792 τ
2273 3726 2589 3797 militum,
2631 3723 3073 3808 sociorumque
3098 3727 3446 3805 navalium,

667 3805 979 3867 CAESA
1054 3845 1070 3865 .
1131 3804 1309 3866 Nero
1341 3800 1545 3881 capite
1570 3802 1874 3868 laureato.
1944 3808 2020 3868 In
2096 3825 2407 3886 quantum
2477 3803 2682 3867 visum
2732 3803 2877 3868 effer
2916 3852 2936 3882 ,
3002 3804 3445 3872 conscriberet.

665 3882 880 3946 aversa
929 3899 1101 3964 parte
1138 3929 1162 3957 ,
1218 3896 1340 3942 Em
1387 3895 1691 3943 ΚΕΣτιοτ
1750 3898 2016 3944 ANTIO-
2094 3886 2260 3966 Vide
2278 3884 2674 3948 Plutarchum
2694 3880 2761 3946 in
2780 3884 3109 3963 Pompeio,
3138 3906 3275 3977 pag.
3304 3894 3450 3964 63¹·

662 3974 880 4025 xxm«.
927 3976 1036 4025 ΕΤ.
1089 3974 1222 4022 MP.
1264 3959 1381 4023 Sub
1406 3959 1619 4043 Cestio,
1648 3962 1840 4044 Syriae
1869 3984 2018 4046 prae·
2092 3964 2376 4029 Dionem
2405 3966 2709 4034 XXXVI,
2745 3982 2881 4045 pag.
2926 3969 3021 4025 18.
3052 3967 3266 4028 Paucis
3288 3966 3448 4030 Vel-

662 4038 1263 4119 fide‚Antiochenfium
1289 4062 1583 4106 nummus
1606 4062 1794 4120 ,anno
1825 4060 2014 4105 cxn'.
2096 4043 2252 4107 leius
2289 4045 2640 4108 Paterculus
2656 4043 2755 4119 11‘,
2793 4063 2888 4121 3¹·
2926 4040 3107 4102 Aulus
3124 4042 3446 4123 Gabinius,

663 4117 828 4181 Vide
857 4121 1056 4181 Notas
1085 4119 1153 4182 ὅ(
1176 4119 1665 4187 Emendationes
1688 4124 1768 4188 ad
1783 4123 2014 4187 Annal.
2093 4122 2350 4184 tribunus
2371 4171 2391 4201 ,
2417 4121 2589 4204 legem
2608 4120 2770 4199 tulit,
2812 4140 2874 4181 ut
2900 4169 2920 4197 ‚
2950 4125 3069 4181 cum
3111 4121 3239 4182 belli
3258 4143 3442 4199 more,

662 4198 823 4267 XV,
865 4217 900 4255 2
913 4217 968 4275 5·
2093 4222 2204 4263 non
2263 4202 2683 4264 latrociniorum
2708 4247 2727 4274 ‚
2777 4200 2957 4261 orbem
2992 4199 3240 4291 claffibus
3277 4201 3400 4279 jam
3426 4248 3449 4277 ,

749 4284 776 4312 ²
823 4274 943 4334 Cu.
983 4275 1268 4337 Pommo
1306 4279 1334 4350 ]
1379 4277 1558 4340 Hanc
1616 4276 1814 4341 ferme
1899 4277 2022 4339 im-
2098 4300 2207 4340 non
2238 4278 2477 4357 furtivis
2519 4278 2990 4358 expeditionibus,
3022 4297 3225 4355 pzratae
3265 4295 3447 4337 terre-

665 4352 945 4416 mcnsam
988 4350 1352 4431 potestatem
1403 4352 1645 4432 accepit
1687 4355 2022 4436 Pompeius
2102 4378 2226 4420 rent
2247 4408 2268 4436 ‚
2303 4359 2558 4442 quostiam
2577 4361 2744 4421 etiam
2774 4357 2962 4420 Italiae
2990 4355 3150 4418 urbes
3184 4354 3449 4436 diripuist-

667 4452 840 4496 anno
879 4434 952 4494 U.
1001 4432 1078 4494 C.
1164 4451 1560 4494 netxxxvn.
1632 4432 1768 4495 Nec
1832 4433 2023 4495 claflis
2085 4437 2217 4512 sent
2242 4460 2267 4511 ,·
2302 4437 2512 4502 Cnoeus
2554 4437 2847 4514 Pompeius
2887 4435 2963 4497 ad
3003 4452 3094 4494 eos
3134 4435 3450 4510 opprimen-

669 4516 917 4575 rantum
963 4530 1036 4573 ac
1083 4507 1267 4569 maris
1317 4507 1480 4570 intra
1506 4507 1834 4572 columnas
1863 4511 2026 4570 Her-
2104 4512 2203 4574 dos
2224 4519 2563 4589 mitteretur;
2600 4517 2821 4609 effittque
2856 4516 2908 4575 ei
2936 4511 3216 4587 imperium
3238 4534 3450 4585 oequum

671 4590 826 4652 culis
850 4639 868 4666 ,
903 4589 1008 4653 sed
1043 4586 1111 4648 in
1152 4597 1340 4652 terras
1387 4607 1459 4650 ac
1493 4585 1784 4676 homines
1826 4584 2028 4673 totius
2106 4589 2167 4649 in
2218 4596 2466 4658 omnibus
2495 4593 2797 4669 promat-iis
2844 4611 2962 4651 cum
2997 4590 3397 4670 proconsulibus
3428 4641 3451 4670 ‚

673 4668 842 4730 illius
891 4668 1113 4732 trafifis
1157 4667 1234 4729 ad
1287 4665 1749 4749 quinquaginta
1787 4684 1823 4725 a
1867 4681 2031 4724 marl
2109 4670 2265 4747 ulique
2282 4674 2606 4753 adquinqua
2647 4689 2860 4731 etmum
2888 4666 3205 4730 milliarium
3231 4671 3451 4731 amari.-

671 4746 873 4809 millia
916 4747 1186 4822 paffuum
1241 4743 1581 4827 imperium
1617 4743 1713 4805 illi
1758 4742 2026 4803 datum:
2112 4736 2246 4824 Quo
2264 4694 2647 4831 senatussonffi
2672 4767 2723 4807 to
2766 4768 2926 4823 paene
2966 4746 3133 4807 totius
3181 4767 3453 4817 terrarum
3532 4782 3537 4787 ·

675 4825 1192 4905 permissumque,
1225 4845 1295 4892 ut
1336 4822 1705 4907 quindecim
1734 4821 1982 4901 legatos
2013 4863 2032 4892 ‚
2112 4822 2267 4886 orbis
2299 4830 2581 4906 imperium
2616 4847 2712 4887 um
2741 4827 2860 4887 viro
2891 4823 3249 4904 deflerebatur.

677 4901 788 4985 qui
855 4903 1214 4986 provincias
1291 4920 1581 4988 regerent
1616 4946 1640 4982 ,
1707 4899 1975 4982 eligeret
2013 4917 2037 4978 3
2198 4915 2222 4961 3
2279 4913 2457 4978 Apu„
2500 4908 2926 4988 Mannum]
2972 4907 3206 4970 Urbem
3223 4909 3464 4986 Cappa-
