4975 6149
961 431 1611 523 ANNALIUM
1674 435 2018 525 LIBER
2084 437 2600 530 DECIMUS
2665 443 3121 534 SEXTUS.
3279 468 3401 539 26
3399 473 3465 557 9'

668 595 873 695 'civit
918 598 1269 688 Fabium
1334 601 1804 684 Romanum
1833 662 1861 706 ,
1904 632 2007 686 ex
2046 603 2349 689 intimis
2388 606 2709 692 Lucani
2752 615 3057 698 amiciS.
3112 646 3158 690 c<
3190 616 3464 703 Mixta

667 736 944 816 »inter
967 755 1281 846 patrem
1311 725 1726 838 filiumque
1758 726 2337 836 conjurationis
2363 732 2699 818 scientia
2723 771 2767 814 »
2786 740 3116 851 fingitur
3139 744 3464 828 adfimu-
3510 726 3658 875 ‘¹21³'
3679 727 3741 777 C·

671 856 856 943 latis
893 857 1215 942 Lucani
1251 854 1551 939 literis:
1590 886 1781 967 quas
1810 858 2195 971 inspectas
2220 862 2452 945 Nero
2496 894 2542 936 «
2570 862 2759 946 ferri
2782 865 2883 947 ad
2908 895 3164 949 eum»
3208 866 3456 978 juffit,
3561 927 3607 975 J,
3631 833 3698 975 ἕ

557 1024 560 1027 ·
676 983 969 1100 opibus
1007 980 1176 1092 ejus
1234 983 1578 1067 inhians.
1627 984 1743 1066 At
1776 981 2060 1089 Mela,
2108 1016 2277 1096 quae
2330 1011 2506 1069 tum
2558 991 3131 1105 promptissima
3170 1003 3454 1084 mortis
3579 1015 3687 1073 66·

567 1137 614 1221 ς
676 1115 861 1213 via,
910 1108 1260 1195 exsolvit
1290 1138 1580 1193 venas:
1617 1109 1929 1224 scriptis
1957 1112 2364 1198 codicillis
2390 1174 2418 1219 ,
2471 1115 2756 1225 quibus
2781 1121 3167 1228 grandem
3205 1155 3456 1238 pecu-

674 1241 892 1322 niam
941 1240 1031 1318 in
1085 1232 1647 1348 Tigellinum,
1694 1266 2242 1349 generumque
2302 1237 2473 1351 ejus
2516 1242 3075 1329 Cossutianum
3113 1249 3458 1365 Capito-

677 1394 866 1449 nem
895 1362 1283 1475 erogabat
1306 1424 1334 1466 ‚
1372 1368 1535 1473 quo
1569 1391 1835 1448 cetera
1875 1393 2320 1451 manerent.
2353 1368 2702 1452 Additur
2741 1370 3146 1459 codicillis
3170 1434 3201 1480 ,
3255 1404 3457 1462 tam-

680 1521 917 1603 quam
969 1489 1068 1574 de
1116 1491 1540 1600 iniquitate
1589 1492 1818 1574 exitii
1867 1523 2205 1602 querens
2263 1496 2376 1577 ita
2431 1491 2844 1609 scripsisset
2885 1531 2932 1572 <c
2994 1500 3075 1583 se
3131 1505 3457 1612 quidem

678 1619 950 1701 »mori
1017 1614 1261 1699 nullis
1320 1615 1698 1731 supplicii
1754 1620 2054 1724 caufis,
2115 1621 2450 1704 Rufium
2500 1648 2771 1706 autern
2846 1624 3307 1741 Crispinum
3372 1642 3458 1717 ὅ(

527 1772 626 1827 10
678 1745 1130 1829 »Anicium
1162 1742 1567 1827 Cerialem
1625 1742 1791 1828 vita
1826 1746 2033 1850 frui,
2074 1746 2426 1831 infensos
2472 1748 2828 1864 Principi
2875 1780 2959 1828 »ε
3013 1784 3183 1865 quae
3220 1764 3459 1843 ‘corn-

677 1870 930 1986 pofita
982 1869 1513 1956 credebantur
1546 1931 1574 1976 ,
1655 1871 1754 1954 de
1821 1873 2250 1987 Crispino,
2303 1878 2487 1986 quia
2541 1877 2999 1963 interfectus
3058 1909 3226 1966 erat
3263 1944 3290 1987 ‚
3350 1886 3454 1969 de

683 1994 1054 2101 Ceriale,
1096 2024 1187 2080 ut
1218 2000 1831 2083 interficeretur.
1856 2003 2153 2111 Neque
2182 2005 2398 2084 enim
2438 2004 2615 2118 post
2642 1999 2904 2087 multo
2943 2008 3112 2087 vim
3157 2004 3294 2092 fibi
3333 2038 3458 2095 at-

678 2122 914 2225 tulit,
957 2127 1269 2208 minore
1338 2124 1575 2235 quam
1663 2128 1914 2210 ceteri
1974 2128 2491 2213 miseratione
2537 2188 2566 2233 ,
2639 2133 2825 2240 quia
2890 2133 3293 2245 proditam
3355 2137 3459 2223 C.

684 2250 973 2334 Caesari
1025 2262 1048 2298 ¹
1081 2248 1731 2360 conjurationem
1766 2251 1861 2335 ab
1901 2284 2002 2337 eo
2042 2259 2604 2341 meminerant.

521 2407 618 2488 15
803 2376 1170 2465 XVIII.
1236 2380 1381 2463 DE
1451 2381 1549 2465 C.
1615 2382 2000 2464 Petronio
2060 2389 2093 2471 ².
2157 2413 2415 2498 pauca
2462 2380 2696 2497 supra
2746 2389 3184 2499 repetenda
3246 2391 3460 2476 sunt.

672 2506 894 2589 Nam
936 2501 1062 2586 illi
1095 2505 1262 2591 dies
1302 2537 1444 2622 per
1474 2508 1848 2592 somnum
1876 2566 1904 2610 ,
1948 2538 2115 2593 nox
2159 2510 2452 2594 officiis
2490 2518 2574 2594 ὃ(
2613 2508 3216 2599 oble6tamentis
3271 2519 3455 2598 vitae

672 2629 1273 2743 transigebat-ur.
1303 2636 1573 2746 thue
1601 2632 1801 2720 alios
1826 2636 2204 2721 industria
2226 2697 2254 2741 ,
2290 2639 2402 2722 ita
2427 2638 2646 2721 hunc
2678 2640 3001 2749 ignavia
3030 2641 3130 2724 ad
3158 2641 3457 2727 famam

676 2754 1172 2872 protulerat3
1200 2758 1795 2873 habebaturque
1826 2794 1993 2846 non
2021 2794 2284 2875 ganeo
2319 2773 2403 2847 ὅ(
2428 2766 2944 2878 profligator,
2975 2793 3067 2852 ut
3091 2765 3456 2881 plerique

675 2885 814 2969 sua
879 2888 1419 2973 haurientium
1473 2949 1500 2992 ‚
1552 2890 1691 2973 sed
1753 2888 2070 2972 erudito
2122 2889 2347 2975 luxu.
2409 2891 2539 2974 Ac
2596 2891 2800 2973 dieta
2851 2892 3211 3001 factaque
3279 2892 3454 3002 ejus

506 3022 623 3088 ’20
681 3016 985 3124 quanto
1028 3010 1443 3100 solutioria
1471 3076 1498 3119 ‚
1543 3023 1627 3100 ὅ(
1670 3014 2098 3126 quamdam
2140 3015 2259 3098 sui
2297 3012 2878 3127 negligentiam
2917 3018 3457 3132 praeferentia,

677 3145 908 3225 tanto
944 3145 1239 3253 gratius
1276 3147 1362 3225 in
1394 3143 1746 3258 speciem
1782 3141 2310 3256 sunplicitatis
2347 3140 2974 3257 accipiebantur.
3002 3144 3455 3229 Proconsul

675 3291 947 3352 tamen
989 3268 1388 3381 Bithyniae
1436 3329 1465 3374 ,
1529 3278 1613 3352 ὃ(
1666 3299 1864 3355 mox
1926 3266 2214 3354 consul
2251 3280 2272 3328 ³
2311 3328 2341 3372 ‚
2403 3270 2821 3379 vigentem
2851 3269 2929 3352 se
2959 3328 2984 3371 ,
3039 3301 3135 3353 ac
3176 3302 3452 3384 parem
3517 3282 3531 3298 “

673 3397 1023 3508 negotiis
1066 3398 1454 3482 ostendit:
1497 3397 1685 3480 dein
1723 3393 2139 3481 revolutus
2171 3396 2271 3480 ad
2307 3396 2506 3479 vitia
2530 3454 2558 3498 ,
2597 3395 2735 3479 seu
2772 3398 3160 3479 vitiorum
3198 3400 3455 3483 irnita-

672 3523 984 3608 tionem
1007 3583 1036 3628 ,
1086 3527 1299 3608 inter
1332 3554 1633 3639 paucos
1670 3522 2189 3646 familiarium
2233 3525 2555 3608 Neroni
2598 3523 3059 3637 adsumptus
3091 3526 3199 3606 est
3222 3585 3250 3627 ‚
3299 3524 3456 3609 ele—

517 3668 563 3721 2
574 3663 617 3746 5
675 3650 964 3760 gantiae
994 3650 1285 3737 arbiter
1310 3710 1338 3754 ,
1383 3651 1575 3735 dum
1604 3648 1810 3732 nihil
1841 3682 2256 3736 amoenum
2279 3711 2308 3755 ‚
2347 3659 2431 3734 ὅ(
2459 3647 2714 3733 molle
2742 3648 3155 3735 affluentia
3179 3678 3410 3765 putat
3420 3676 3465 3757 ,ί

678 3778 820 3857 nisi
859 3777 1081 3889 quod
1109 3783 1186 3863 ei
1235 3780 1656 3862 Petronius
1690 3768 2300 3896 approbavisset.
2350 3777 2587 3860 Unde
2640 3777 2945 3861 invidia
2983 3776 3384 3889 Tigellini
3420 3839 3453 3881 ,

673 3904 889 4012 quast
948 3904 1321 3990 adversus
1384 3903 1761 3988 aemulum
1811 3966 1839 4008 ‚
1904 3916 1988 3990 ὅ(
2049 3899 2384 3989 scientia
2440 3900 2953 4017 voluptatum
3020 3907 3465 4016 potiorem..

675 4025 897 4143 Ergo
936 4030 1491 4144 crudelitatem
1534 4033 1928 4148 Principis
1960 4092 1988 4136 ,
2038 4034 2174 4118 cui
2227 4057 2509 4116 ceterae
2559 4028 2936 4116 libidines
2991 4030 3388 4117 cedebant
3421 4089 3453 4135 ,

677 4158 1139 4267 aggreditur
1162 4219 1191 4263 ,
1229 4161 1666 4245 amicitiam
1718 4162 2049 4245 Scevini
2077 4170 2115 4220 4
2146 4160 2532 4244 Petronio
2564 4154 2966 4265 objefilans
2999 4187 3021 4253 ;
3069 4186 3455 4273 corrupto

498 4286 614 4390 30
679 4280 781 4365 ad
811 4284 1199 4368 indicium
1256 4288 1486 4372 fervo
1517 4348 1546 4390 ,
1597 4284 2131 4406 ademptaque
2170 4286 2628 4372 defensione
2657 4348 2686 4392 ‚
2734 4295 2818 4370 ὅ(
2869 4280 3172 4391 majore
3230 4304 3455 4398 parte

673 4407 1000 4494 familiae
1038 4415 1123 4498 in
1159 4412 1432 4499 vincla
1468 4408 1721 4526 rapta.

752 4604 773 4634 ¹
822 4597 901 4657 C.
942 4597 1263 4673 Casan]
1291 4595 1611 4679 Caligulae.
1643 4596 1741 4658 De
1789 4596 2020 4672 conju-
2182 4608 2208 4650 ἲ
2251 4601 2412 4663 Mox
2464 4616 2705 4661 consur.
2752 4599 2783 4672 ]
2848 4588 3085 4683 Consul
3148 4588 3456 4684 suffqetus:

670 4670 920 4736 ratione
939 4676 1209 4740 diximus
1233 4677 1300 4738 in
1316 4676 1768 4757 Supplemento
1796 4675 2023 4736 Annal.
2102 4677 2441 4739 Proconsul
2479 4693 2689 4739 autem
2742 4672 2994 4760 dicitur·
3023 4684 3168 4732 ante
3220 4688 3457 4733 nutum

668 4752 818 4816 ‚vm
837 4798 856 4823 ,
888 4774 990 4830 43.
2104 4754 2528 4825 consulatum,
2569 4753 2715 4832 quia
2742 4749 3104 4829 Bithymam
3123 4795 3143 4825 ,
3169 4749 3454 4812 consula-

749 4834 772 4861 ¹
815 4831 911 4892 DE
970 4835 1044 4895 C.
1079 4835 1466 4910 Panemo]
1507 4829 1983 4896 Emendandum
2005 4876 2025 4905 ‚
2103 4849 2235 4892 rem
2263 4829 2695 4907 provinciam,
2730 4845 2991 4891 rexerat.

666 4902 738 4963 de
784 4907 852 4970 T.
892 4907 1175 4970 Petronio.
1222 4911 1384 4974 Vide
1430 4915 1632 4975 Notas
1683 4913 1753 4977 &
1788 4911 2025 4974 Emen-
2182 4913 2616 4970 *ΛηιιειτιΑΜ
2656 4911 2975 4985 δεενηιι]
3013 4907 3109 4968 De
3147 4926 3277 4985 quo
3315 4903 3454 4967 dic-

639 4983 960 5073 ,dationes
995 4988 1080 5051 ad
1108 4991 1335 5058 Annal.
1358 4994 1550 5071 XVI,
1601 4995 1698 5055 18.
2105 5001 2250 5052 tum.
2280 4988 2364 5052 est
2398 4987 2576 5066 supra
2615 4986 2844 5052 Annal-
2886 4988 3012 5057 XV
3030 5032 3059 5066 2
3083 5006 3168 5065 49
3190 4986 3257 5056 &
3280 4983 3465 5063 seqq·
