4975 6149
1497 476 1681 559 402
1863 438 2316 529 NOTAE
2425 431 2604 517 ET
2708 424 3914 517 EMENDATIONES

1505 600 1800 680 dubiam
1852 621 1946 671 ue
2008 589 2290 694 ingenii
2352 587 2676 664 lauream
2753 585 3101 665 facerent.
3161 584 3337 662 Hac
3385 581 3626 689 gloria
3678 584 3880 686 apud
3928 580 4320 670 Romanos

1507 703 1773 781 enituit
1804 627 2235 783 (homerus,
2271 690 2441 767 cum
2486 692 2675 768 altos
2728 688 3027 793 Virgilii
3076 688 3363 791 spiritus
3411 686 3916 763 exsuscitasset.
3968 688 4142 767 Hac
4189 693 4308 768 in-

1505 802 1766 879 claruit
1794 794 1991 898 apud
2023 819 2160 870 nos
2196 793 2502 869 Tacitus
2531 848 2551 882 ,
2602 791 2771 868 cum
2802 790 2987 869 duos
3042 811 3299 891 poetas
3318 788 3348 882 ',
3388 814 3573 894 quos
3619 788 3700 862 in
3756 790 3905 867 arte
3941 790 4069 867 sua
4103 792 4311 869 sum-

1503 928 1667 980 mos
1705 896 2160 1000 suspicimuS,
2194 894 2491 970 Petrum
2539 894 2861 967 Corneille
2893 900 2963 967 &
2989 891 3350 967 Joannem
3379 894 3622 964 Racine
3644 948 3665 982 ,
3699 887 4124 993 Principum
4151 893 4307 969 Ro·-

1504 1025 1889 1080 manorum
1941 1020 2202 1072 arcana
2254 1019 2658 1095 eorumque
2694 991 3223 1068 dominationis
3250 990 3718 1067 instrumenta
3758 990 3863 1068 ita
3905 992 4305 1086 docuisset,

1505 1124 1630 1191 ut,
1682 1127 1777 1178 eo
1814 1099 1998 1174 duce
2035 1103 2106 1173 &
2138 1096 2432 1210 auspice
2462 1151 2485 1186 ,
2519 1094 2601 1169 in
2634 1092 2743 1168 rei
2787 1093 3117 1195 politicae
3150 1113 3643 1198 praeceptores
3694 1118 4097 1199 regumque
4127 1096 4307 1172 doc-

1503 1224 1704 1277 tores
1749 1201 1982 1275 statim
2020 1198 2406 1275 evaserint.

1613 1302 1735 1377 De
1802 1303 2098 1390 Othone,
2161 1301 2363 1396 cujus
2407 1320 2685 1372 nomen
2750 1292 3132 1369 illustravit
3187 1293 3439 1371 Petrus
3497 1299 3861 1388 Corneille,
3939 1295 4175 1373 dicam
4224 1298 4305 1374 in

1508 1401 1729 1477 Notis
1776 1407 1846 1476 &
1873 1397 2529 1475 Emendationibus
2571 1397 2663 1473 ad
2694 1393 2885 1472 Hist.
2914 1396 2952 1472 Ι
2976 1450 2999 1488 ,
3028 1421 3129 1471 22
3152 1452 3173 1488 ,
3212 1396 3384 1473 cum
3433 1395 3893 1499 splendidam
3917 1395 4110 1472 hanc
4139 1396 4302 1472 His-

1503 1503 1857 1578 toriarum
1905 1522 2186 1601 partem
2236 1525 2325 1575 ex
2382 1498 2673 1575 lanabo.
4038 1570 4045 1575 .

1620 1606 2071 1675 Britannicum
2104 1602 2284 1678 vero
2345 1599 2446 1676 1bi
2468 1599 2794 1701 seposuit
2831 1598 2870 1676 J
2875 1623 3151 1676 oannes
3179 1600 3426 1674 Racine
3453 1656 3473 1689 ,
3505 1618 3587 1673 ut
3611 1596 4047 1698 pullulantia
4072 1660 4090 1685 ‚
4120 1626 4305 1676 non-

1512 1701 1688 1776 dum
1745 1722 1987 1776 autem
2039 1701 2324 1792 adulta,
2440 1700 2597 1776 uod
2646 1700 2991 1777 odiosum
3041 1699 3279 1777 fuisset
3325 1707 3394 1776 &
3453 1697 3932 1788 incredibile,
3979 1697 4299 1776 Neronis

1506 1802 1783 1902 scelera
1828 1802 2229 1877 infamaret.
2284 1729 2566 1878 Νοῖἡίε
2620 1812 3124 1905 argumentum
3163 1857 3185 1892 ‚
3242 1822 3487 1901 poetae
3537 1820 3688 1875 arte
3741 1797 4301 1892 nobilissimum;

1504 1902 1987 2006 plurimorum
2037 1902 2334 2005 quidem
2382 1903 2704 1978 censurae
2769 1902 3006 2002 primo
3079 1901 3526 1990 obnoxium,
3574 1899 3775 2003 quod
3837 1923 3947 1973 ars
3994 1900 4302 2003 exquisi-

1502 2004 1655 2079 tior
1675 2003 1916 2093 foret,
1970 2002 2298 2078 omniurn
2334 2001 2603 2079 deinde
2655 2002 2987 2079 laudibus
3018 2001 3684 2089 cumulatiffunum3
3720 1999 4136 2101 crescetque
4181 2002 4308 2076 ad-

1505 2104 1844 2194 miratio,
1901 2102 2073 2178 dum
2138 2104 2474 2207 egregios
2542 2104 2787 2181 versus
2842 2103 3131 2207 legere,
3187 2124 3429 2179 mores
3479 2101 3863 2176 hominum
3923 2122 4299 2208 artemque

1502 2224 1612 2280 tra
1664 2204 1851 2279 icam
1897 2204 2203 2280 noscere
2237 2226 2521 2306 gratum
2570 2229 2655 2278 ac
2701 2204 3053 2279 decorum
3100 2203 3509 2279 habebitur.

1517 2306 1524 2311 ’
1605 2233 1908 2381 ffuvaret
1966 2304 2091 2378 hic
2159 2303 2463 2403 fingulas
2530 2303 2742 2401 hujus
2815 2302 3197 2402 tragoediae
3255 2303 3601 2403 personas
3647 2301 4105 2403 expendere3
4174 2310 4293 2395 δε,

1504 2404 1708 2507 quod
1746 2429 1786 2477 a
1824 2402 2067 2477 multis
2096 2402 2564 2505 efflagitatum
2584 2459 2608 2496 ,
2640 2401 2812 2477 loca
2840 2400 3092 2479 omnia
3113 2459 3133 2493 ,
3170 2428 3331 2505 quae
3363 2429 3408 2477 a
3428 2402 3700 2479 Tacito
3724 2403 3847 2479 vel
3864 2401 4296 2503 interpreta-

1502 2507 1713 2593 tione
1739 2560 1762 2593 ,
1820 2502 1943 2577 vel
1973 2500 2390 2577 imitatione
2413 2560 2436 2595 ‚
2464 2523 2830 2578 mutuatus
2860 2500 2960 2578 est
2987 2501 3105 2576 Cl.
3149 2504 3395 2578 Racine
3419 2560 3439 2595 ,
3491 2506 3938 2606 congerere3
3966 2502 4300 2605 praestan-

1501 2604 1982 2706 tisfimumque
2015 2601 2440 2679 historicum
2485 2629 2653 2679 cum
2681 2602 3249 2705 praestantissimo
3269 2606 3498 2705 poeta
3526 2604 3883 2680 conferre.
3913 2605 4012 2680 At
4036 2662 4057 2696 ,
4085 2606 4298 2708 quam

1503 2704 1889 2791 maximam
1920 2702 2202 2807 possum
2236 2704 2313 2777 in
2361 2705 2704 2780 omnibus
2729 2705 3164 2781 brevitatem
3209 2705 3603 2807 professus,
3651 2705 4291 2783 exscribendorum

1503 2805 1844 2883 locorum
1890 2803 2359 2880 multitudine
2392 2807 2618 2899 (curn
2640 2807 2768 2881 vix
2801 2805 2934 2879 smt
2969 2806 3045 2879 in
3071 2808 3234 2881 tota
3271 2806 3635 2909 tragoedia
3667 2808 3976 2883 trecenti
4004 2807 4244 2884 versus
4270 2861 4295 2898 ,

1505 2908 1634 3009 qui
1664 2934 1755 2981 ex
1802 2905 2197 2979 Annalium
2234 2905 2485 2981 Taciti
2536 2906 2865 2981 fontibus
2898 2931 3057 2981 non
3103 2906 3641 3006 profluxerint)
3690 2907 4110 2998 deterritus,
4157 2909 4297 2983 irn-

1498 3006 1755 3080 menso
1804 3004 2057 3080 labore
2108 3004 2483 3082 abstinebo
2515 3034 2534 3083 τ
2580 3029 2796 3124 atque
2832 3006 3175 3111 equidem
3208 3009 3415 3083 tanto
3450 3007 3799 3084 libentius
3821 3065 3844 3101 ‚
3880 3007 4081 3114 quod
4105 3032 4220 3084 ma
4270 3050 4295 3064 -

1497 3128 1669 3180 nam
1715 3105 1926 3205 hujus
1959 3130 2147 3180 curae
2193 3130 2475 3207 partem
2505 3109 2725 3185 subirt
2770 3133 3022 3185 recens
3072 3108 3188 3185 Cl.
3238 3111 3484 3183 Racine
3518 3134 3824 3209 operum
3882 3110 4146 3187 editor.
4253 3135 4297 3185 e

1499 3226 1751 3280 tamen
1794 3206 2038 3281 nostra
2070 3206 2211 3282 hac
2244 3209 2321 3282 in
2372 3234 2448 3284 re
2502 3209 2753 3310 opella
2776 3267 2799 3302 ‚
2835 3214 2978 3310 jam
3005 3209 3215 3309 supra
3242 3208 3319 3284 in
3346 3208 3567 3284 Notis
3590 3208 3927 3310 promissa
3954 3267 3975 3301 ,
4006 3208 4300 3310 penitus

1499 3304 1941 3382 desideretur
1965 3364 1987 3398 ,
2024 3307 2355 3410 quaedam
2390 3310 2763 3411 exempla,
2802 3334 3031 3413 eaque
3073 3309 3478 3386 breviffima
3500 3367 3520 3402 ,
3550 3334 3965 3410 proponam
3994 3309 4297 3421 potius,

1496 3407 1713 3505 quam
1765 3406 2062 3510 seligam
2088 3465 2108 3498 ,
2140 3432 2224 3484 ut
2316 3411 2586 3485 enuina
2619 3411 3033 3512 decoraque
3074 3429 3359 3487 veteres
3376 3410 3780 3512 Scriptores
3797 3407 4299 3510 exprimendi

1493 3503 1928 3584 imitandive
1985 3508 2173 3583 ratio
2226 3510 2280 3582 il
2310 3509 2614 3584 ustribus
2662 3510 3179 3613 experimentis
3213 3512 3643 3591 innotescat.
4102 3561 4105 3562 f

1884 3684 2540 3777 TACITUS
2606 3692 2958 3780 ANNAL.
3026 3697 3293 3806 XIII,
3360 3723 3606 3808 5,12
3665 3699 3750 3778 &t
3811 3727 3895 3781 2.

1597 3832 2006 3930 'Adversante
2066 3840 2446 3938 Agrippind
2480 3897 2499 3916 .
2541 3898 2559 3918 .
2592 3897 2610 3918 .
2638 3895 2659 3918 .
2710 3843 3038 3919 obtinuere
3079 3870 3301 3942 patres
3335 3875 3364 3930 ,-
3419 3849 3532 3943 qui
3592 3848 3663 3917 in
3711 3843 4046 3918 Palatium
4100 3841 4175 3919 ob
4220 3845 4296 3920 1⁶11

1493 3936 1935 4027 vocabantur,
1968 3960 2043 4010 ur
2081 3939 2369 4038 adstaret
2405 3942 2647 4019 abditis
2704 3971 2751 4017 a
2793 3968 2971 4046 tergo
3006 3945 3261 4044 foribus
3303 3946 3446 4018 velo
3494 3942 3763 4035 discreta
3789 3995 3812 4030 ,
3864 3945 4033 4042 quod
4082 3947 4295 4044 vificm

1491 4057 1777 4122 arceret,
1826 4038 2082 4112 auditus
2118 4066 2244 4114 non
2296 4043 2624 4119 adimeret.
2663 4043 2843 4134 Quin
2898 4049 2977 4119 Co·
3028 4047 3085 4118 le
3133 4050 3260 4117 atis
3304 4044 3757 4114 Armeniorum
3787 4046 4038 4141 caffam
4081 4052 4293 4147 gentis

1491 4132 1663 4235 apud
1710 4134 2027 4210 Neronem
2073 4143 2405 4215 orantibus
2430 4205 2449 4231 ,
2499 4144 2813 4240 escendere
2838 4072 3218 4240 suggejfiem
3261 4145 3676 4235 Imperatoris
3715 4141 3792 4215 Cr
3810 4144 4149 4243 praefidere
4182 4144 4292 4245 fi-

1489 4236 1628 4304 mul
1645 4237 1926 4329 parabat
1936 4265 1968 4325 ;
2001 4241 2126 4337 nisi
2147 4293 2168 4328 ,
2201 4249 2422 4315 ceteris
2435 4269 2689 4338 pavore
2720 4243 2957 4341 defixis
2984 4300 3003 4327 ,
3029 4242 3262 4315 Seneca
3300 4240 3714 4339 admonuiffet
3735 4295 3758 4334 ,
3808 4246 3881 4319 V
3869 4251 4104 4320 enienti
4138 4272 4292 4318 ma-

1493 4338 1586 4405 rri
1620 4361 1991 4417 occurreret.
2037 4345 2143 4415 Ita
2165 4342 2369 4437 specie
2413 4347 2679 4438 pietatis
2706 4395 2728 4432 ‚
2764 4343 3022 4416 obviam
3048 4346 3216 4414 itum
3271 4341 3595 4417 dedecori.
3623 4394 3644 4417 .
3670 4400 3687 4418 .
3712 4397 3730 4417 .
3778 4345 4071 4442 Infrac‘la
4108 4373 4285 4442 pau-

1488 4433 1681 4507 latim
1728 4445 2023 4534 potentia
2069 4447 2321 4516 matris.
2352 4496 2371 4515 .
2402 4498 2419 4517 .
2453 4494 2474 4515 .
2525 4446 2862 4518 Certamen
2918 4446 3207 4543 utrIque,
3260 4443 3497 4519 Burro
3544 4447 3616 4520 δε
3682 4442 4025 4537 Senecae,
4082 4471 4285 4520 unum

1485 4559 1630 4612 erac
1659 4562 1882 4616 contra
1898 4542 2221 4641 ferociam
2257 4547 2670 4647 Agrippinoe.

1786 4718 2408 4834 RACINE,
2468 4725 3307 4837 Bar‘rAnmcus,
3368 4723 3555 4811 Αᾶ.
3598 4725 3671 4808 1.
3711 4724 3847 4810 Sc.
3897 4753 3966 4810 1.

1598 4878 1965 4977 Agrippina
1999 4945 2020 4973 ,
2072 4886 2263 4983 stans
2326 4921 2467 4965 cum
2518 4895 2766 4970 Albino
2792 4950 2815 4987 ,
2865 4901 3226 4994 potentiam
3272 4899 3469 4995 fliam
3537 4892 3814 4994 infringi
3866 4896 4223 5008 queritur-e

1876 5015 2036 5077 Non
2058 5061 2077 5090 ,
2125 5025 2394 5112 nom-le
2424 5040 2585 5088 tems
2607 5030 2756 5092 n'est
2790 5012 2926 5110 plus
2961 5055 3084 5118 que
3115 5035 3341 5101 Neron
3380 5032 3570 5112 jeune
3610 5051 3851 5100 encore

1878 5091 1984 5157 Me
2014 5114 2363 5177 renvoyort
2396 5101 2484 5168 les
2517 5125 2714 5172 voeux
2742 5109 2935 5179 d'une
2980 5118 3158 5180 Cour
3194 5116 3305 5197 qui
3355 5113 3600 5178 l'adore
3626 5158 3651 5193 ι
3699 5139 3705 5146 ·
