4975 6149
1470 395 1649 491 αρε
2039 376 3693 501 SUPPLEMENTUM

1193 578 1429 624 m
1475 552 1856 636 flammeo
1911 544 2393 651 dedufflm,
2443 574 2795 632 uxorem
2839 544 3190 659 accipit,
3250 538 3821 658 plaudentibus
3880 544 4193 629 Graecis
4236 602 4267 649 ‚

1192 657 1258 709 A.
1280 660 1343 709 U.
1364 659 1424 710 C.

1241 748 1390 809 820.

1471 675 1928 785 liberosque
1968 674 2509 788 precantibuS.
2537 675 2755 761 Data
2784 677 3053 790 Sporo
3075 732 3105 779 ,
3129 674 3212 755 in
3245 668 3578 757 alteram
3607 666 3992 759 Sabinam
4018 701 4272 758 muta·

1246 861 1296 911 J,
1331 861 1395 913 C·
1477 834 1567 895 to
1596 865 1624 910 ,
1675 798 1963 887 Calvia
2009 801 2479 920 Crispinilla
2522 814 2544 850 ¹
2584 862 2612 907 ,
2667 806 2801 889 cui
2842 798 3051 886 nihil
3111 826 3393 915 praeter
3434 798 3745 885 natales
3794 803 4053 885 inerat
4106 832 4264 885 no-

1160 966 1164 970 ·
1255 957 1363 1037 ⁶7.

1476 929 1643 1020 bile
1671 988 1700 1035 ,
1757 959 1926 1041 quae
1973 927 2454 1016 muliebrem
2504 926 2676 1037 ejus
2724 955 3102 1015 ornatum
3153 952 3495 1011 curaret.
3531 929 3893 1042 Principi
3921 987 3953 1032 ,
3999 952 4127 1013 tot
4165 925 4269 1012 li·-

1478 1060 1850 1148 bidinum
1907 1055 2190 1140 formis
2230 1059 2661 1142 hominum
2711 1059 2913 1141 vitia
2973 1051 3471 1169 supergresso
3499 1111 3530 1157 ,
3581 1052 3892 1169 placuit
3939 1056 4264 1140 tandem
4386 1076 4431 1158 5

1475 1182 1842 1274 belluina
1883 1181 2237 1268 aemulari
2278 1192 2360 1284 ²3
2407 1192 2493 1268 ὃ(
2518 1242 2549 1290 ,
2596 1184 2817 1296 quod
2855 1182 3070 1268 distu
3107 1178 3640 1289 incredibile,
3693 1183 4064 1299 superare
4117 1214 4265 1271 va-

1478 1311 1684 1398 luit:
1733 1314 1987 1396 immo
2056 1311 2142 1397 id
2182 1314 2428 1397 etiam
2464 1312 2791 1423 adsequi
2813 1372 2859 1417 ‚1
2893 1337 2986 1396 ut
3027 1309 3510 1416 Historiam,
3549 1341 3720 1423 quae
3754 1311 4142 1424 quidquid
4174 1315 4263 1397 in
4322 1352 4327 1355 Α

1477 1442 1698 1526 vitiis
1736 1437 2089 1525 insolens
2132 1439 2232 1523 ad
2274 1441 2559 1524 odium
2611 1439 3185 1526 commendare
3226 1441 3511 1550 gestit,
3560 1470 3777 1525 nova
3814 1440 4264 1554 stuprorum

1476 1567 1825 1653 monstra
1851 1625 1882 1673 ,
1929 1596 2275 1678 quorum
2316 1569 2580 1683 ipsum
2629 1596 2931 1652 nomen
2972 1562 3234 1650 scelus
3277 1564 3493 1650 foret
3526 1624 3557 1669 ,
3603 1564 3827 1651 silere
3874 1570 4264 1680 coegerit.

1602 1694 1870 1778 LIII.
1933 1698 2168 1779 NON
2215 1721 2491 1779 tamen
2538 1695 2744 1778 vista
2804 1696 3050 1779 tantis
3097 1692 3425 1805 flagitiis
3472 1694 3976 1779 con-scientia
4028 1753 4056 1799 ‚
4122 1694 4261 1778 sed
4334 1717 4435 1775 10

1473 1823 1918 1905 immanem
1973 1823 2330 1905 animum
2376 1820 2689 1937 pudore
2739 1826 3034 1937 pariter
3086 1850 3182 1905 ac
3231 1845 3538 1905 terrore
3590 1818 3970 1906 laniabat.
4032 1823 4264 1906 Hinc

1471 1945 1675 2032 licet
1715 1948 1931 2032 foret
1996 1947 2471 2034 destinatum
2539 1937 2975 2066 praecipu'as
3022 1950 3352 2034 Graeciae
3405 1947 3641 2034 urbes
3694 1944 3788 2033 ea
3830 1949 4263 2065 turpitudi-

1475 2105 1676 2159 num
1727 2071 2035 2160 inluvie
2072 2075 2378 2161 foedare
2405 2138 2433 2181 ,
2475 2077 3068 2162 Lacedaemone
3107 2102 3378 2160 tamen
3423 2085 3508 2160 ὅ(
3548 2078 3894 2160 Athenis
3948 2085 3975 2134 ³
4027 2074 4265 2160 absti-

1477 2204 1713 2297 nuit3
1761 2202 2234 2313 Lycurgum
2278 2206 2579 2287 veritus
2607 2261 2637 2305 ,
2699 2203 2755 2283 fi
2805 2201 3086 2286 urbem
3112 2261 3139 2304 ‚
3180 2198 3403 2285 tanta
3447 2199 3726 2315 legum
3777 2202 4189 2286 sanffltate
4230 2224 4268 2306 ‚‘

1477 2330 1874 2435 virtutum
1926 2325 2290 2412 claritate
2343 2326 2872 2432 celebratam,
2905 2330 3267 2412 intraret.
3297 2328 3569 2439 Magis
3597 2327 3864 2410 adhuc
3903 2352 4261 2413 terruere
4332 2346 4427 2429 15

1474 2454 1900 2540 Furiarum
1944 2452 2163 2537 sacra
2218 2462 2259 2514 ⁴
2283 2510 2314 2558 ,
2379 2454 2726 2539 Athenis
2786 2456 3063 2571 peragi
3119 2451 3397 2540 solita:
3450 2453 3883 2539 formidata
3937 2484 4260 2566 quoque

1472 2574 1859 2661 Eleufinii
1898 2610 1943 2662 a
1971 2608 2315 2690 quorum
2342 2582 2804 2666 initiatione
2843 2583 3071 2695 impii
3112 2591 3197 2666 ὅ(
3225 2578 3597 2670 scelerati
3626 2610 3838 2666 voce
3867 2584 4260 2695 praeconis

1472 2702 2159 2791 submovebantur
2187 2716 2244 2791 5.
2304 2710 2372 2793 F
2378 2708 2556 2792 orte
2595 2710 2770 2820 quis
2810 2710 2896 2791 in
2929 2711 3093 2792 hoc
3140 2712 3529 2793 vitiorum
3578 2706 3989 2822 profundo
4042 2710 4259 2793 hanc

1472 2830 2051 2946 superstitionis
2079 2835 2248 2917 vim
2282 2832 2742 2918 mirabitur.
2769 2836 2887 2919 At
2915 2864 2960 2917 a
2986 2833 3268 2918 natura
3297 2896 3326 2940 ,
3354 2831 3584 2943 cujus
3609 2835 3930 2919 interest
3958 2832 4258 2920 scelera

1471 2958 1862 3043 infamare
1898 3016 1926 3062 ‚
1956 2960 2359 3074 sapienter
2388 2958 2855 3048 consultum
2887 2963 2998 3050 est
3023 3020 3054 3070 ‚
3084 2986 3179 3048 ut
3211 2959 3567 3079 improbi
3605 2964 3788 3048 raro
3822 2992 3867 3045 a
3905 2959 4257 3079 supersti-
4312 2983 4428 3039 20

1469 3084 1700 3171 tione
1754 3087 1905 3171 sint
1943 3088 2244 3172 intaffl.

1595 3212 1851 3301 LIV.
1916 3215 2402 3315 REL1QUAE
2475 3237 2750 3303 autem
2826 3216 3117 3324 urbes,
3170 3222 3328 3303 hac
3370 3212 3585 3305 fama
3625 3247 3796 3302 non
3847 3212 4186 3300 defensae
4224 3273 4258 3320 ,

1469 3338 1574 3422 ad
1623 3338 2058 3456 opprobria
2125 3368 2456 3458 patuere
2490 3379 2507 3427 ε
2575 3375 2679 3430 ne
2741 3347 3011 3432 invitae
3083 3347 3409 3457 quidem
3468 3406 3498 3452 ,
3580 3344 3799 3458 quod
3867 3351 3950 3427 ὃς
4019 3338 4256 3425 solita

1468 3465 1942 3580 Principum
1985 3469 2522 3555 admiratione
2546 3530 2575 3575 ‚
2618 3481 2701 3557 ὃ(
2742 3478 3081 3587 p'raemiis
3106 3534 3135 3579 ‚
3173 3474 3277 3558 ad
3312 3471 3784 3586 obsequium
3818 3466 4254 3580 laudesque

1470 3594 2010 3680 traherentur.
2053 3592 2635 3712 Olympiorum
2709 3628 2913 3715 ergo
2959 3599 2998 3650 ⁶
3053 3610 3138 3686 ὃ(
3180 3603 3661 3714 Pythiorum
3716 3591 4118 3710 judicibus
4169 3597 4254 3679 in
4313 3612 4427 3695 25

1466 3771 1628 3825 tum,
1648 3758 1922 3848 Sporum.
1945 3773 2211 3825 uxorem
2236 3761 2454 3842 duxit,
2494 3779 2665 3832 tunc.
2683 3768 2826 3833 vul·
2967 3773 3248 3827 Praeluxere
3274 3773 3450 3840 faces,
3478 3772 3694 3826 velarunt
3715 3769 3927 3835 flamina
3962 3768 4113 3821 ualuas
4124 3780 4153 3847 3*

1468 3848 1644 3913 gatus
1679 3854 1802 3914 cuju
1828 3834 1955 3897 dam
1998 3858 2109 3898 non
2154 3841 2212 3901 ἱη
2241 3844 2383 3904 citus
2416 3845 2586 3936 jocus
2611 3873 2631 3906 ,-
2670 3846 2824 3911 Bene
3035 3842 3146 3893 Nec
3174 3857 3255 3894 tua
3285 3844 3532 3908 defiaemnr
3566 3839 3757 3918 urba,-
3776 3837 4017 3903 Thalaffe,
4048 3835 4136 3916 tib}
4155 3855 4175 3884 .-

1465 3911 1568 3992 agi
1597 3920 1748 3989 potui
1787 3935 1817 3974 e
1852 3936 1971 3975 cum
2011 3916 2172 3979 rebus
2240 3943 2497 4000 umanzs,
2521 3924 2584 4018 fi
2622 3928 2825 3990 Domi..
2969 3910 3075 3963 Dos
3091 3910 3378 3990 etiam-dian
3395 3906 3846 3984 eft.Nondumt3bi,
3869 3904 4259 3985 Βοηιαζιιάιηιπ

1466 4007 1622 4068 uus,
1657 4010 1819 4067 pater
1836 3996 2153 4072 Neronis,
2185 4000 2350 4061 talem
2382 4001 2643 4086 habuzffet
2678 4027 2823 4068 uxo-
3036 3980 3310 4044 ⁸⁰⁶s‘m'5
3341 3975 3554 4044 “¹³⁶3‘'
3571 3975 4121 4042 mffl‘’“¹'“‘“‘'

1462 4088 1599 4130 rem.
1637 4074 1880 4136 Contra
1920 4078 2074 4140 vero
2115 4078 2292 4143 Nero
2329 4101 2546 4145 amore
2599 4082 2685 4148 ita
2713 4085 2821 4149 in-
2985 4093 3003 4121 ¹
3051 4083 3312 4148 Carvra
3371 4079 3784 4141 Clusmim-LA
3829 4074 4066 4151 J‘Dio,
4111 4071 4256 4135 libr.

1463 4146 1642 4212 sanus
1682 4167 1851 4228 erat,
1880 4167 1949 4216 ut
1981 4152 2257 4220 honores
2290 4160 2642 4238 maximos,
2697 4165 2815 4226 im·
2900 4161 3132 4222 LXIlI.
3174 4177 3313 4239 pag.
3372 4177 3519 4237 720.
3545 4156 3642 4217 De
3671 4152 3783 4221 ina
3803 4172 4060 4237 quoque
4093 4150 4260 4217 infra

1463 4227 1741 4317 mqnsam
1785 4232 2062 4309 Pecuniae
2105 4234 2236 4296 vim
2293 4256 2682 4320 proponeret
2710 4286 2731 4315 ,
2774 4242 2820 4304 fi
2896 4237 3135 4312 Hist.1‚
3167 4257 3272 4316 73.
4138 4307 4150 4322 ·

1460 4323 1606 4447 ἓὲυε
1648 4310 1915 4400 Sporum
1949 4309 2154 4377 facere
2202 4315 2402 4394 poffet
2443 4318 2818 4399 mulierem,
2973 4327 2999 4356 ²
3039 4318 3368 4380 Brutum
3422 4335 3729 4377 anunm
3778 4316 3810 4393 ]
3871 4310 4000 4375 Dio
4031 4356 4052 4385 ,
4106 4309 4255 4372 lrbr.

1579 4406 1644 4448 re
1692 4404 1809 4454 eru
1832 4435 1850 4465 ‚
1896 4391 2005 4472 qui
2044 4391 2110 4455 id
2142 4393 2615 4474 pollicerentur.
2684 4398 2815 4464 Dio
2895 4396 3281 4476 LXHLpag.
3304 4391 3817 4475 721.Sueton.in
3841 4392 3997 4455 Ner.
4021 4388 4255 4454 XXIX.

1462 4460 1636 4546 Chry
1667 4467 1940 4532 ostomus
1963 4516 1982 4545 ‚
2014 4488 2172 4536 orat.
2199 4468 2347 4537 XXI
2368 4523 2387 4552 ,
2419 4495 2495 4556 pa
2540 4519 2555 4536 .
2600 4496 2722 4557 270
2747 4479 2817 4545 &
2973 4486 2995 4531 3
3038 4475 3132 4537 Er
3156 4477 3489 4552 Arnssurs]
3520 4472 3676 4551 Dio,
3699 4474 3825 4536 loc.
3852 4471 3964 4534 cit.

1458 4540 1632 4624 seqq.
1667 4546 1869 4610 Fuere
1901 4568 2159 4632 quoque
2180 4599 2199 4629 ,
2238 4554 2348 4634 qui
2383 4576 2465 4634 po
2519 4576 2589 4619 ea
2615 4555 2683 4621 in
2703 4561 2818 4624 Ur·
2968 4565 3001 4604 4
3026 4554 3381 4617 ΡυιιιΛιωΜ
3407 4554 3636 4630 εΛειιΛ]
3660 4553 3761 4616 Ob
3780 4549 3963 4614 caedis
3979 4557 4245 4632 matrem

1458 4620 1542 4682 be
1566 4670 1584 4696 ,
1617 4625 1694 4686 ad
1728 4646 1922 4689 omne
1951 4629 2256 4713 flagitium
2324 4634 2483 4697 roni
2509 4682 2528 4711 ,
2561 4653 2816 4717 porten-
2877 4635 3027 4713 saepe
3053 4631 3310 4716 confeffus
3343 4632 3627 4714 exagitari
3653 4632 3719 4711 se
3754 4622 4195 4714 materndspefle
4217 4662 4242 4694 ⁹

1456 4699 1659 4762 rosam
1697 4701 1856 4767 hanc
1901 4708 2179 4772 Neronis
2224 4710 2269 4773 li
2320 4711 2561 4777 idinem
2606 4715 2816 4782 imita-
2891 4712 3208 4776 verberibus
3232 4710 3569 4787 Furiarum,
3595 4728 3664 4768 ac
3709 4704 3850 4767 tedis
3893 4698 4241 4793 ardentzbus.

1457 4793 1698 4841 rentur.
1724 4784 1902 4847 Unde
1930 4787 2264 4864 Martialis‘,
2287 4792 2498 4874 Epigr.
2523 4797 2640 4856 ΧΠ
2667 4844 2685 4876 ,
2709 4819 2812 4880 42·
2975 4806 2993 4851 5
3037 4790 3652 4865 Sunuovanm‘run]
3688 4788 3951 4849 Sueton.
3986 4800 4057 4845 m
4087 4780 4244 4842 Ner.

1523 4879 1761 4935 Barbatus
1799 4885 1960 4950 rigido
1998 4890 2149 4956 nupfit
2177 4894 2478 4960 Callistratus
2517 4895 2643 4963 Afro
2891 4875 3182 4938 XXXIV·
3990 4938 4003 4952 ,
4314 4953 4323 4962 ,

1590 4950 1698 5005 Hac
1729 4950 1819 5022 qud
1854 4954 1963 5022 lege
2000 4958 2105 5012 viro
2139 4961 2307 5018 nubere
2340 4966 2480 5035 virgo
2498 4965 2646 5037 [ὄιες.
2968 4957 2996 4996 ⁶
3040 4955 3494 5019 OLYRPIORUM
3567 4965 3738 5013 ERGO
3800 4941 3837 5020 J
3897 4938 4247 5012 Phssostrat.
