4975 6149
1441 428 1625 522 276
1978 416 2078 500 C.
2193 410 3072 500 CORNELII
3174 410 3805 500 TACITI

1160 608 1394 655 Ξ
1437 616 1490 679 »ζ
1502 609 1656 693 que
1694 578 1964 692 adepti
1996 574 2507 661 consulatum
2547 583 2631 660 ὃ(
2667 573 3112 659 sacerdotia
3139 635 3168 679 ‚
3210 579 3637 662 hortorum
3668 578 3939 691 potius
3975 604 4227 664 amoe-

1160 686 1390 737 A.U.c.

1204 779 1348 851 819.

1207 893 1263 943 J.
1283 892 1348 943 C.

1192 982 1335 1042 -66,

1397 4481 1404 4486 ·
1431 4468 1495 4510 ut
1518 4450 1584 4514 de
1598 4472 1725 4528 poen
1791 4454 2027 4519 Paeonii
2058 4463 2215 4539 qua'm
2238 4461 2327 4535 pri

1435 709 1736 792 »nitati
1765 704 2241 787 inservirent
2285 708 2380 784 »ζ
2433 701 2653 813 quod
2705 698 2934 786 velut
2961 698 3215 786 telum
3255 707 3656 819 arripuere
3682 705 4223 791 accusatoreS.

1567 830 2033 918 XXVIII.
2094 829 2232 912 ET
2299 831 2643 911 initium
2721 828 3072 913 faciente
3133 829 3605 914 Cossutiano
3656 887 3685 932 ,
3760 827 4068 936 majore
4136 833 4225 914 vi

1419 956 1891 1046 .Marcellus
1911 1017 1940 1062 ,
1979 989 2026 1032 c<
2066 956 2457 1039 summam
2511 951 3098 1068 rempublicam
3131 958 3340 1066 agi»
3383 951 3896 1039 clamitabat:
3941 989 3988 1033 <t
4028 986 4220 1042 con-

1440 1079 1857 1170 »tumacia
1878 1083 2347 1167 inferiorum
2370 1143 2399 1187 ‚
2426 1080 2849 1165 lenitatem
2878 1083 3408 1194 imperitantis
3433 1082 3819 1166 deminui.
3845 1085 4221 1166 Nimium
4336 1108 4397 1191 5⁴

1440 1215 1741 1297 »mites
1767 1209 1865 1295 ad
1895 1240 2071 1295 eam
2110 1208 2324 1293 diem
2364 1233 2627 1324 patres
2655 1265 2686 1311 ‚
2736 1209 2874 1317 qui
2916 1206 3354 1290 Thraseam
3385 1207 3963 1293 desciscentem
3993 1269 4022 1314 ,
4078 1212 4220 1319 qui

1437 1367 1896 1452 »generum
1944 1334 2166 1442 ejus,
2210 1333 2690 1420 Helvidium
2734 1333 3096 1417 Priscum
3138 1344 3160 1379 ¹
3192 1392 3221 1437 ,
3271 1336 3356 1416 in
3402 1332 3683 1419 iisdem
3735 1333 4134 1419 furoribus
4186 1358 4221 1439 ‚'

1438 1461 1734 1548 »simul
1796 1465 2241 1547 Paconium
2307 1462 2852 1574 Agrippinum
2894 1518 2927 1565 ‚
3000 1462 3310 1574 paterni
3356 1462 3442 1542 in
3490 1462 3907 1576 Principes
3974 1462 4143 1546 odii
4181 1469 4220 1545 ².

1439 1588 1883 1674 »heredem
1907 1647 1936 1691 ‚
1980 1597 2064 1674 ὃ(
2106 1588 2481 1671 Curtium
2519 1588 3014 1671 Montanum
3051 1596 3073 1644 ³
3104 1646 3133 1690 ‚
3177 1587 3631 1672 detestanda
3669 1588 4218 1672 carminasac-

1439 1720 1877 1800 »titantem
1905 1773 1934 1817 ‚
1983 1711 2307 1798 eludere
2352 1713 2683 1828 impune
2731 1713 3101 1796 linerent.
3148 1715 3595 1825 Requirere
3639 1713 3722 1796 se
3788 1716 3874 1797 in
3935 1714 4215 1798 senatu
4260 1733 4392 1795 ιο·

1438 1839 2012 1926 »consularem
2047 1900 2076 1944 ,
2146 1843 2230 1923 in
2277 1843 2501 1923 votis
2565 1839 3126 1942 sacerdotem,
3186 1843 3273 1921 in
3338 1836 3851 1947 jurejurando
3903 1843 4210 1923 civem:

1437 1968 1649 2048 »nisi
1686 2027 1714 2069 ,
1769 1993 2055 2051 contra
2110 1968 2463 2051 instituta
2518 1973 2602 2050 ὃ(
2670 1968 3163 2050 caerimonias
3214 1964 3668 2073 majorum,
3719 1966 4213 2081 proditorem

1437 2091 1770 2208 »palam
1813 2102 1896 2177 ὃς
1948 2095 2254 2175 hostem
2297 2092 2654 2176 Thrasea
2706 2093 3104 2174 induisset.
3164 2090 3546 2202 Denique
3607 2120 3841 2201 agere
3908 2091 4216 2176 senato-

1436 2251 1485 2295 2>
1504 2248 1672 2300 rem
1696 2276 1724 2318 ,
1784 2226 1866 2299 δε
1915 2219 2309 2331 Principis
2354 2217 2923 2299 obtreRatores
2976 2242 3406 2326 protegere
3444 2213 3724 2297 solitus
3753 2274 3781 2319 ,
3830 2220 4146 2300 veniret
4181 2276 4213 2320 ,

1433 2342 1866 2425 »censeret
1901 2341 2095 2452 quid
2132 2343 2481 2451 corrigi,
2533 2366 2669 2423 aut
2714 2343 3006 2422 mutari
3059 2338 3363 2425 vellet:
3412 2337 3725 2425 facilius
3764 2338 4211 2454 perlaturos
4285 2371 4381 2450 15

1433 2463 1806 2577 »lingula
1840 2470 2393 2579 increpantem
2419 2527 2447 2569 ,
2490 2462 2728 2576 quam
2774 2495 2993 2549 nunc
3022 2463 3425 2549 silentium
3463 2467 3904 2580 perferrent
3941 2469 4217 2552 omnia

1432 2623 1483 2670 ³>
1502 2593 1977 2676 damnantis.
2039 2593 2336 2676 Pacem
2400 2590 2522 2674 illi
2576 2623 2717 2706 per
2774 2589 3052 2675 orbem
3103 2618 3326 2676 terrae
3357 2602 3397 2652 ⁴
3422 2650 3451 2694 ‚
3501 2624 3602 2675 an
3637 2594 4007 2675 vielorias
4052 2592 4214 2677 sine

1432 2718 1795 2801 »damno
1843 2720 2345 2801 exercituum
2382 2715 2868 2832 displicere?
2917 2720 3053 2802 Ne
3111 2720 3533 2799 hominem
3583 2714 3817 2799 bonis
3864 2713 4212 2831 publicis

1435 2846 1848 2925 »maestum
1872 2903 1901 2947 ‚
1945 2853 2028 2928 ὃς
2057 2846 2195 2954 qui
2234 2844 2408 2927 fora
2434 2902 2463 2946 ‚
2507 2846 2872 2945 theatra,
2917 2838 3221 2955 templa
3280 2872 3426 2956 pro
3481 2838 3915 2925 solitudine
3976 2844 4210 2929 habe-

1432 2998 1624 3055 »ret
1657 2980 1683 3036 5
1710 3028 1741 3074 ‚
1793 2972 1931 3082 qui
1960 2965 2460 3053 minitaretur
2491 2966 2852 3052 exsilium
2881 2968 3112 3052 suum
3138 3026 3167 3078 ,
3199 2966 3662 3054 ambitionis
3695 2998 3953 3084 pravae
3983 3000 4207 3056 com·
4246 3004 4380 3059 ,κο

1521 3211 1540 3242 ¹
1589 3201 1983 3268 Hntvrmuu
2013 3203 2348 3281 Parscuu]
2399 3203 2497 3267 De
2529 3203 2646 3269 ino
2685 3204 2786 3268 in·
2862 3203 2973 3287 qui
3006 3203 3166 3270 olim
3200 3203 3321 3270 fuit
3347 3203 3413 3267 in
3444 3201 3657 3267 museo
3683 3200 3959 3283 Collegii
3990 3203 4208 3268 Ludo-

1436 3277 1532 3341 fra
1569 3279 1722 3343 Hist.
1765 3282 1888 3358 lv,
1928 3303 2034 3359 42·
2068 3280 2230 3346 Vide
2266 3282 2337 3348 8<
2367 3282 2641 3347 Plinium
2673 3286 2782 3349 111.
2860 3284 2991 3348 vici
3062 3288 3163 3347 Ma
3250 3285 3273 3346 i
3309 3306 3325 3343 ε
3388 3283 3548 3344 ῙΜΡ.
3606 3283 3834 3345 NERO
3898 3283 4205 3346 CLAUD.

1435 3357 1547 3438 Ep.
1583 3379 1604 3420 1
1627 3379 1683 3419 1.
2861 3365 3084 3425 CAES.
3109 3363 3166 3423 G
3218 3364 3362 3427 RM.
3385 3363 3446 3423 Ρ.
3479 3362 3567 3423 Μ.
3597 3363 3730 3424 TR.
3753 3363 3816 3422 Ρ.
3844 3362 4010 3422 XIII.
4046 3362 4110 3422 P.
4138 3363 4205 3424 P.

1517 3442 1542 3470 ²
1587 3439 1861 3499 Pusam
1894 3460 1957 3500 m
1981 3440 2305 3503 ancu’as
2337 3443 2526 3518 oon]
2566 3443 2651 3503 M.
2678 3444 2783 3505 Pa·
2861 3445 3066 3520 Caput
3118 3440 3393 3505 Neronis
3448 3439 3808 3502 laureatum.
3861 3442 3936 3499 In
3989 3437 4205 3500 aversa

1433 3512 1695 3589 conius,
1729 3516 1984 3603 Paeonii
2036 3517 2364 3598 Agrippini
2417 3534 2627 3598 pater,
2667 3520 2783 3582 Ti-
2900 3536 3070 3594 arte,
3116 3522 3324 3583 PACE
3368 3519 3464 3580 PR
3511 3518 3785 3579 TERRA
3822 3517 4208 3594 MARIQVE

1433 3591 1595 3680 berii
1629 3591 1900 3666 saevitui,
1922 3610 2238 3675 tamquam
2259 3597 2588 3674 majestatis
2603 3619 2739 3662 reus
2759 3646 2779 3676 ,
2904 3599 3131 3662 ARTA
3172 3598 3449 3662 IANVM
3478 3598 3783 3661 CLVSIT
3816 3596 3933 3658 SC.
3982 3596 4055 3657 Id
4085 3596 4205 3669 est,

1432 3688 1742 3733 mnocens
1800 3672 2164 3737 conciderat
2188 3722 2208 3752 ,
2255 3689 2326 3738 ut
2370 3675 2611 3740 dicetur
2647 3697 2780 3758 cap.
2859 3675 3166 3752 Imperator
3195 3677 3351 3738 Nero
3393 3673 3665 3736 Claudius
3692 3672 3790 3735 Coe
3815 3693 3881 3732 ar·
3906 3673 4204 3735 Germani-

1429 3746 1557 3827 seq.
1588 3751 1881 3840 Suprema
1914 3752 2043 3829 ejus
2084 3751 2210 3817 fata
2243 3754 2522 3832 pluribus
2574 3773 2782 3821 narrat
2858 3775 2958 3816 cus
2980 3802 3000 3832 ,
3027 3755 3280 3833 pontifex
3318 3755 3595 3816 maximus
3619 3800 3639 3830 ,
3684 3754 3759 3813 tri
3796 3751 3990 3812 unitioe
4025 3752 4206 3832 potes·

1431 3827 1774 3890 Suetonius
1830 3826 1900 3889 in
1963 3829 2179 3895 Tiber.
2227 3834 2394 3895 LXI.
2458 3834 2781 3896 Annalibus
2857 3834 2997 3896 tatis
3058 3854 3229 3899 anno
3288 3832 3482 3910 XIII,
3531 3849 3693 3909 pater
3745 3830 3947 3906 patr-icc
3993 3877 4015 3908 ,
4064 3850 4205 3907 pace

1412 3902 1543 3982 fiais
1559 3905 1648 3965 vir
1664 3905 1963 3997 confidatis
1997 3909 2259 3987 inseruit,
2282 3910 2379 3986 fre
2413 3913 2565 3974 uenti
2604 3935 2780 4006 quon-
2851 3910 3037 3991 populi
3072 3913 3311 3974 Romani
3345 3913 3494 3971 terra
3536 3908 3780 3987 marique
3808 3911 3978 3984 partes
4001 3916 4205 3976 Ianum

1433 3978 1563 4040 dam
1608 3984 1889 4061 conmvio,
1924 3986 2012 4047 cui
2056 3986 2120 4047 Cr
2151 3987 2257 4066 ips&
2301 4010 2336 4047 a
2384 3993 2565 4070 uerit,
2606 4011 2781 4054 mter·
2858 3993 3052 4074 clzfit:
3073 3987 3554 4070 finatuftonfielto.

1401 4079 1404 4084 ·
1429 4079 1493 4119 ro
1536 4077 1685 4119 atum
1701 4062 2005 4141 eumfitbito
2029 4064 2091 4125 ὓ·
2112 4065 2260 4126 clare
2275 4087 2311 4126 a
2331 4069 2559 4149 quodam
2583 4092 2733 4133 nano
2756 4122 2776 4151 ,
2942 4083 2961 4126 5
3008 4072 3141 4133 PRO
3174 4088 3554 4132 sol-ITUDINE
3584 4068 3924 4144 nannum]
3956 4065 4056 4127 Ne
4076 4085 4203 4128 ³¹¹¹·

1432 4135 1684 4227 astante
1729 4142 1925 4231 fnensae
1969 4143 2116 4204 inter
2154 4165 2409 4225 capreas,
2465 4169 2564 4209 cur
2601 4149 2780 4210 Paco-
2854 4145 3120 4210 bitionis
3154 4167 3355 4227 prava:
3390 4163 3760 4236 compotem
3794 4144 4072 4208 facerent
4092 4145 4204 4208 ho·

1432 4235 1564 4275 mus
1582 4264 1601 4292 ,
1630 4218 1929 4299 majestatis
1965 4242 2126 4299 reus,
2162 4223 2370 4284 tamdiu
2399 4227 2608 4287 viveret
2627 4228 2778 4308 :sta·
2855 4225 3095 4288 minem
3119 4272 3138 4301 ,
3167 4225 3355 4289 bonis
3380 4225 3647 4305 pubhcis
3676 4225 3945 4288 maestum
3968 4271 3987 4299 ,
4013 4223 4079 4285 in
4106 4223 4203 4287 fo-

1399 4343 1402 4346 .
1429 4293 1532 4354 tim
1548 4295 2211 4375 quamdampetulantiarn
2231 4301 2437 4395 linguae
2453 4305 2773 4386 objurgaffi,
2856 4304 2967 4380 ris,
3013 4302 3300 4380 theatrIS,
3332 4304 3581 4383 templis
3600 4352 3620 4382 ,
3664 4324 3867 4367 rarum
3895 4304 3967 4366 &
3996 4300 4200 4365 infre-

1431 4391 1671 4435 ceterum
1698 4396 1765 4452 po
1835 4398 2042 4452 paucos
2072 4379 2188 4441 dies
2218 4381 2478 4532 stum
2540 4386 2732 4445 enatui
2755 4433 2773 4462 ,
2856 4398 3192 4464 quentem,
3232 4385 3301 4447 δε
3340 4382 3401 4447 se
3439 4385 3606 4446 Urbe
3663 4383 3959 4447 cessurum
4001 4379 4201 4441 mini-

2541 4480 2776 4524 erueret.
2860 4478 3118 4525 tantem.
3173 4464 3317 4525 Haec
3378 4461 3474 4524 illi
3528 4484 3662 4527 non
3707 4460 3910 4525 videri
3954 4475 4194 4536 patrum

1500 4542 1540 4623 ᾗ
1585 4535 1892 4623 Qum-run
1922 4539 2355 4617 Moru-anun]
2383 4542 2480 4605 De
2518 4563 2648 4622 quo
2674 4542 2776 4606 in·
2858 4541 3179 4616 consulta,
3218 4562 3353 4605 non
3381 4563 3566 4606 veros
3608 4540 4020 4621 magistratus,
4056 4554 4193 4596 non

1430 4605 1527 4669 fta
1555 4611 1703 4673 Hlst·
1750 4618 1881 4690 IV,
1918 4638 2023 4694 4²·
2856 4620 3030 4682 illam
3095 4619 3289 4698 ipsam
3334 4623 3552 4684 urbem
3609 4622 3973 4707 Roman-am.
4028 4614 4193 4703 Ergo

1509 4694 1542 4733 4
1580 4690 1799 4752 Pactu
1858 4715 1988 4756 ιιιι
2046 4717 2162 4759 ren
2219 4719 2441 4761 oasim
2500 4720 2714 4763 ‘ranna
2853 4702 3250 4778 abrumperet
3291 4698 3486 4761 vitam
3512 4699 3590 4760 ab
3624 4697 3695 4759 ea
3732 4706 3993 4757 civitate
4020 4712 4195 4766 cujus

1432 4764 1742 4857 Confeeto
1774 4773 2149 4838 Armeniaco
2189 4777 2406 4850 bello,
2434 4793 2587 4841 tunc
2608 4799 2690 4859 qu
2755 4801 2775 4839 1
2828 4794 2923 4841 ¹ut
2954 4778 3111 4841 olim
3153 4777 3513 4850 caritatem,
3556 4794 3723 4836 nunc
3770 4772 3839 4834 δε
3888 4769 4195 4849 aspectum

1473 4857 1650 4906 acato
1686 4861 1986 4911 terrarum
2028 4855 2218 4931 orbe,
2278 4858 2503 4918 Janum
2560 4855 2774 4920 clausit
2855 4856 3129 4919 exuisset.
3176 4854 3288 4915 Pro
3317 4850 3615 4930 sslimdine
3660 4850 3926 4921 haberet,
3968 4848 4034 4910 id
4066 4849 4194 4922 est,

1497 4937 1605 4984 ero
1624 4967 1645 5002 ,
1669 4923 1738 4989 &
1755 4924 1926 4990 cusus
1947 4929 2029 4994 est
2049 4949 2166 4994 aere
2188 4953 2418 5015 magno
2449 4956 2771 5017 nummus,
2851 4951 2921 5001 ut
2952 4939 3113 5002 reete
3154 4930 3426 5013 explicat
3470 4931 3688 4997 Illustr.
3724 4926 3986 4995 Huetius
4008 4973 4035 5007 ‚
4061 4943 4192 4993 tam
