4975 6149
1518 437 1708 540 466
1897 426 2352 513 NoTAE
2446 421 2622 508 ET
2711 415 3913 508 EMENDATIONES

1509 616 1520 628 ·
1614 583 2028 661 PssosPEssA
2071 601 2180 652 An
2235 599 2681 653 maturum
2721 581 3241 669 REFEREBAT]
3301 574 3436 648 Mf.
3482 571 3665 676 Reg.
3706 578 3776 648 &
3825 571 4060 649 editio
4110 571 4313 673 prin-

1512 709 1599 760 ce
1655 709 1731 773 S,
1762 684 2054 780 fortunae
2082 675 2295 774 ipfius.
2340 676 2432 750 In
2477 676 2627 752 Mss.
2659 676 2868 753 Harl.
2917 676 3133 752 Bodl.
3165 674 3304 751 Jes.
3337 672 3521 749 Bud.
3548 673 3793 749 Guelf.
3842 676 3929 747 ad
3952 675 4312 772 fortunam

1514 791 1580 877 ip
1612 811 1732 855 tus.
1759 779 1895 854 Ms.
1914 775 1970 850 F
1975 775 2112 850 lor.
2120 777 2466 876 fortunam
2490 776 2704 875 ipfius.
2724 775 3170 853 Puteolanus
3189 828 3209 861 ,
3236 776 3320 847 ad
3330 771 3674 870 fortunam
3697 776 4076 868 reipublicae.
4109 773 4319 850 Con-

1513 879 1814 982 jiciebat
1847 876 2313 967 Gronovius,
2352 884 2628 972 imperii.
2658 876 2863 953 Bene
2894 877 2971 950 in
3010 876 3142 948 Ms.
3167 873 3383 950 Bodl.
3413 872 3645 948 obelo
3681 893 4053 961 notatum,
4087 874 4308 970 ipsius.

1510 978 1904 1056 Redundat
1940 976 2175 1068 enim,
2220 978 2613 1077 repetitum
2638 1000 2729 1050 ex
2760 973 3299 1077 superioribus,
3338 978 3659 1067 pravitati
3703 972 3916 1066 ipsius.
3969 974 4311 1046 Pravitati

1510 1102 1758 1155 autem
1819 1077 2133 1176 dietum,
2190 1098 2273 1151 ut
2304 1076 2502 1177 apud
2558 1075 2961 1165 Senecam,
3002 1071 3384 1149 Phoeniffae
3410 1127 3439 1164 ,
3489 1070 3649 1146 Ast.
3674 1068 3809 1149 IV.
3845 1069 3959 1146 Sc.
3998 1071 4062 1145 I.
4117 1072 4312 1150 vers.
4436 1147 4439 1150 .

1516 1202 1560 1283 5
1576 1185 1701 1277 84.
2674 1233 2679 1238 -

2070 1326 2078 1334 ·
2661 1308 2818 1372 Pone
2849 1311 3079 1391 uestinos
3099 1354 3119 1386 ‚
3152 1324 3391 1384 precor,

2298 1390 2498 1454 Animi
2540 1408 2812 1468 tumores,
2850 1409 3004 1471 teque
3031 1389 3234 1466 pietati
3261 1387 3430 1466 refir-

1620 1571 1844 1648 CAP.
1904 1571 2233 1654 XXXIX.
2293 1569 2821 1650 Lusum-onum
2873 1576 3340 1665 Fortuna]
3378 1570 3468 1646 In
3494 1571 3650 1646 Mss.
3681 1570 3885 1648 Harl.
3916 1566 4128 1647 Bodl.
4164 1565 4304 1648 Jess

1518 1673 1705 1750 Bud.
1741 1673 1991 1749 Guelf.
2037 1682 2107 1750 δε
2151 1669 2523 1752 editiones
2556 1693 2881 1760 vetereS,
2941 1676 3410 1746 libertinorum.
3469 1672 3742 1748 Melius
3775 1672 4250 1749 Recentiores
4278 1726 4313 1762 ,

1519 1775 1917 1845 libertorum.
2313 1805 2320 1812 ·

1615 1869 2209 1957 ΒΕΤΒΝτυερυΕ
2279 1896 2515 1946 unus
2566 1879 2602 1965 ]
2652 1870 2936 1945 Totum
2993 1870 3192 1945 hunc
3240 1869 3490 1947 locum
3549 1872 3809 1947 mirum
3868 1872 3945 1946 in
4003 1870 4304 1947 modum

1519 1991 1791 2046 vexant
1814 2026 1834 2060 ‚
1870 1968 2070 2073 quod
2111 1969 2215 2043 ita
2240 1969 2771 2072 interpungunt
2797 2027 2818 2060 ,
2854 1973 3080 2043 cunoia
3106 1996 3319 2046 tamen
3364 1974 3449 2046 ad
3490 1978 3940 2070 Imperatorem
3981 1977 4052 2045 in
4085 1975 4313 2045 melius

1514 2072 1751 2143 relata.
1781 2071 2211 2170 Detentusque
2240 2073 2417 2145 rebus
2452 2072 2758 2170 gerundis
2801 2074 3136 2144 Suetonius
3165 2126 3186 2160 ,
3231 2074 3397 2172 quod
3417 2073 3560 2172 post
3593 2101 3833 2168 paucas
3880 2098 4115 2162 naves,
4169 2077 4305 2146 &c-

1515 2168 1704 2244 Inde
1735 2168 2053 2245 Faernus
2099 2194 2237 2268 pro
2275 2173 2606 2261 detentus,
2657 2168 3097 2246 emendabat
3144 2174 3476 2262 demotus,
3528 2172 3734 2273 quod
3784 2172 4141 2271 approbat
4186 2170 4313 2245 CI.

1516 2267 1876 2344 ErnestuS.
1924 2269 2353 2344 Gronovius
2405 2294 2543 2370 pro
2570 2271 2708 2366 post
2754 2267 3059 2345 volebat
3089 2271 3447 2368 postquam.
3484 2271 3708 2346 Forte
3737 2298 3825 2346 ex
3862 2271 4014 2344 ΜΠ.
4063 2278 4130 2346 &
4172 2295 4311 2345 ve-

1517 2367 1794 2443 teribus
1829 2367 2278 2445 editionibus
2321 2369 2580 2444 melius
2626 2368 3306 2470 interpungeretur:
3341 2374 3567 2443 cunila
3611 2372 3696 2444 ad
3746 2376 4198 2464 Imperatorem
4238 2377 4318 2442 in

1518 2471 1748 2542 melius
1780 2473 1986 2542 relata
2007 2501 2035 2553 ,-
2075 2471 2476 2568 detentusque
2506 2473 2686 2543 rebus
2718 2472 3024 2568 gerundis
3057 2470 3414 2543 Suetonius.
3448 2472 3636 2563 Quod
3671 2469 3809 2567 post
3825 2496 4065 2565 paucas
4087 2494 4311 2555 naves,

1525 2572 1662 2641 dcc.
1694 2566 1976 2641 Frustra
2004 2567 2446 2645 Puteolanus
2473 2568 2721 2656 addit,
2770 2573 2878 2669 qui
2965 2570 3117 2641 uod.
3165 2570 3298 2660 Qui
3343 2568 3542 2644 abest
3580 2594 3624 2644 a
3667 2568 3821 2644 ΜΠ.
3869 2566 4067 2641 Flor.
4096 2567 4314 2642 Harl.

1523 2665 1747 2741 Bodl.
1787 2667 1927 2745 Jes.
1954 2666 2062 2743 Re
2118 2726 2134 2743 .
2183 2667 2431 2743 Guelf.
2490 2667 2718 2743 Corb.
2751 2672 2821 2743 &
2854 2693 2894 2742 e
2952 2667 3184 2743 itione
3212 2668 3571 2769 principe.
3617 2669 3708 2741 In
3741 2667 3873 2741 Ms.
3918 2665 4103 2741 Bud.
4145 2668 4311 2767 quod

1512 2791 1888 2861 perpaucas.
1924 2767 2014 2841 In
2138 2768 2187 2840 s.
2209 2755 2391 2870 Agr.
2431 2768 2572 2867 post
2593 2768 2780 2867 quod.
2807 2769 2956 2866 Post
3001 2767 3128 2841 hic
3168 2766 3484 2870 pofitum
3506 2823 3531 2859 ,
3589 2787 3675 2842 ut
3698 2766 3895 2870 apud
3925 2764 4258 2843 Plautum
4282 2821 4313 2859 ‚

1521 2864 1859 2943 Auiular.
1892 2867 2049 2943 Αᾶ.
2091 2868 2152 2943 1.
2186 2871 2303 2942 Sc.
2352 2894 2427 2967 4.

2063 3001 2309 3087 Quando
2338 3002 2485 3065 illoec
2518 2999 2735 3085 occasio·
2764 2999 2966 3084 periit,
2996 3002 3111 3087 poll
3124 3004 3255 3087 fert>
3293 3002 3466 3082 cupit.

1630 3182 1850 3259 CAP.
1893 3183 2042 3260 XL.
2092 3184 2481 3262 Amanum
2518 3184 3025 3275 SENAToms]
3065 3180 3181 3256 Ita
3225 3180 3381 3257 Mff.
3408 3177 3607 3257 Flor.
3654 3176 3837 3283 Reg.
3862 3177 4065 3256 Harl.
4159 3180 4311 3258 odl.

1524 3281 1662 3360 Jes.
1707 3284 1950 3455 Guielf.
1998 3284 2363 3361 editiones
2412 3304 2701 3362 veteres
2749 3290 2822 3360 &
2860 3281 3332 3359 recentiore&
3387 3278 3477 3354 In
3525 3279 3783 3357 mediis
3836 3280 4110 3384 quibus
4151 3306 4314 3375 am,

1553 3408 1799 3457 enatort
1851 3440 1870 3460 ο
2840 3402 2847 3409 ’

1504 3386 1572 3480 s
1631 3481 2032 3556 Domrrlus
2070 3482 2438 3579 BALnus]
2485 3483 2822 3560 Omnino
2869 3482 3189 3558 diversus
3236 3506 3281 3556 a
3315 3478 3661 3557 Domitio
3703 3481 3979 3572 Tullo,
4019 3481 4113 3558 de
4160 3507 4319 3596 quo

1523 3580 1850 3755 fili-niu?
1916 3580 2124 3660 VIII.
2171 3586 2307 3687 Ep.
2374 3588 2495 3662 18.
2568 3582 2745 3659 licet
2806 3583 3147 3660 eumdem
3203 3580 3348 3659 effe
3404 3580 3799 3681 suspicatus
3852 3583 3936 3658 fit
3991 3583 4317 3660 eruditus

1595 3705 1918 3756 emerus.
2942 3706 2951 3709 ²

1628 3780 1717 3856 Ει
1758 3790 2308 3879 ruopluouus]
2358 3782 2481 3859 Sic
2539 3783 2693 3860 Mss.
2754 3781 2952 3860 Flor.
3012 3783 3261 3859 Guelf.
3298 3780 3485 3857 Bud.
3544 3781 3726 3882 Agr.
3762 3780 4191 3857 Gronovius
4238 3787 4309 3857 δε

1519 3878 2022 3958 Recentiores.
2059 3881 2348 3959 Vitiose
2373 3884 2449 3959 in
2481 3883 2642 3960 Mff.
2671 3886 2875 3960 Harl.
2927 3883 3146 3961 Bodl.
3179 3883 3316 3960 Jes.
3361 3881 3588 3958 Corb.
3638 3887 3708 3957 ὃς
3739 3880 4065 3958 editione
4098 3882 4309 3984 prin-

1529 3980 1705 4082 cipe
1729 4036 1750 4070 ,
1782 3984 1858 4055 &¹
1880 3988 2296 4084 propinquus.
2326 3983 2814 4076 Puteolanus,
2864 3993 3022 4082 ejus.

1618 4080 1907 4156 Vmcro
1946 4080 2247 4159 RumNo
2283 4092 2321 4179 ]
2365 4084 2478 4161 Ita
2521 4084 2676 4163 ΜΠ.
2728 4084 3098 4162 editiones
3138 4102 3421 4159 veteres
3464 4085 3533 4155 &
3589 4080 4057 4159 recentiores.
4112 4080 4313 4157 Male

1520 4176 1603 4252 in
1633 4179 1890 4255 mediis
1921 4182 2350 4284 quibusdam
2375 4241 2397 4276 ,
2443 4189 2649 4261 Vicio.
2689 4184 3019 4280 Quidam
3067 4182 3316 4257 frustra
3347 4200 3671 4270 tentant,
3713 4186 3988 4257 Vinicio.

1619 4278 1992 4357 TABULAS
2036 4306 2128 4358 11s
2174 4293 2212 4380 ]
2250 4284 2558 4398 Optime
2615 4283 2932 4383 Lipfius,
2976 4308 3018 4358 e
3075 4282 3217 4358 Ms.
3264 4279 3501 4358 Vatic.
3532 4278 3609 4353 in
3666 4308 3867 4383 quo,
3923 4279 4259 4379 tabultfiis
4287 4334 4314 4369 ,

1524 4397 1606 4451 ut
1647 4380 1724 4454 in
1758 4381 1892 4457 Ms.
1949 4381 2145 4461 Flor.
2181 4383 2485 4459 restituit
2537 4385 2789 4458 tabulas
2822 4388 2926 4457 iis.
2962 4384 3348 4484 Perperam
3395 4380 3473 4453 in
3529 4379 3686 4455 aliis
3731 4381 3891 4456 ΜΠ.
3933 4388 4003 4457 δι
4033 4380 4313 4457 veteri-

1521 4474 1654 4554 bus
1681 4479 2128 4559 editionibus
2148 4538 2172 4575 ,
2202 4487 2543 4558 tabulariis
2575 4482 2698 4559 vel
2740 4484 3102 4558 tabularius
3123 4539 3150 4574 ,
3181 4483 3561 4558 tabellarius
3613 4501 3737 4554 aut
3766 4484 4156 4556 tabellariis.

1624 4678 1845 4756 CAP.
1902 4683 2088 4765 XLI.
2148 4686 2543 4763 Anmrun
2588 4691 3406 4778 SENATuscoNsuLTo]
3456 4683 3613 4760 Mss‘.
3646 4684 3845 4760 Flor.
3879 4680 4057 4783 Reg.
4112 4672 4302 4755 Eud.

1501 4774 1702 4964 Ριξξι.
1759 4781 1988 4861 Corb.
2043 4785 2277 4862 editio
2325 4788 2667 4893 princeps
2713 4793 2781 4865 δι
2815 4787 3285 4866 recentiore&
3345 4783 3783 4863 Puteolanus
3818 4839 3845 4877 ,
3885 4783 4309 4883 finatufion-

1550 4898 1588 4942 u
1621 4898 1784 4950 lum.
