4975 6149
1547 399 1733 498 3⁷6
2014 384 2441 471 NOTAE
2513 377 2687 465 ET
2760 378 3942 468 EMENDATIONES
4028 390 4031 397 ·

1550 538 2192 627 Halicarnassenfi,
2250 536 2602 639 scriptore
2653 535 3244 638 diligentiffimo‚
3296 537 3422 639 qui
3472 535 3729 613 Romae
3773 537 3962 613 vixit
3992 591 4013 626 ‚
4071 544 4143 614 &
4191 541 4352 615 Au·-

1551 644 1737 750 gusti
1788 661 1999 717 aetate
2045 632 2362 738 scripsit,
2413 640 2501 712 ad
2535 641 2664 734 sica
2717 640 2898 736 usque
2946 664 3230 735 tempora
3263 643 3539 713 ambitus
3588 643 3703 713 ille
3736 643 4008 714 ulterizis
4037 666 4162 713 non
4183 669 4359 737 pro-

1555 748 1792 846 ceffierit
1824 797 1846 831 ,
1900 744 2011 813 deo
2047 793 2069 829 ,
2118 761 2199 813 ut
2249 737 2453 813 aiunt
2469 756 2501 824 ',
2555 740 2626 811 id
2667 764 2793 810 non
2828 746 3260 833 permittente.
3315 751 3662 840 Προσωτίρω
3706 748 3770 813 5⁸3
3814 748 3897 814 ἐκ
3931 750 4023 815 ’ὅτι
4067 778 4118 815 π
4151 755 4353 819 amour

1539 859 1583 923 -ὖ
1623 846 1966 929 navamque}
2012 853 2120 921 τῖίς
2166 847 2427 925 πόλιας,
2467 847 2546 912 ἐκ
2580 844 2832 921 ignee,
2886 838 2962 919 oie
3006 872 3196 929 φασι,
3250 844 3333 910 τῧ
3377 845 3688 929 saep-toria.
3739 837 4057 939 Dionys.
4178 841 4345 920 alic.

1538 946 1658 1019 -IV
1688 1000 1709 1033 ,
1785 966 1903 1041 13.
1942 963 2108 1040 pag.
2148 943 2326 1013 218.

1644 1043 1765 1118 Jus
1805 1061 2051 1115 tamen
2100 1037 2525 1138 proferendi
2631 1036 2891 1112 omerii
2938 1062 3161 1136 penes
3213 1060 3343 1111 eos
3413 1034 3666 1109 mansit
3699 1090 3720 1124 ‚
3781 1037 3908 1139 qui
3976 1043 4337 1140 populum

1552 1144 1967 1219 Romanum
1997 1192 2013 1219 ‚
2065 1164 2244 1242 agro
2287 1138 2378 1213 de
2440 1064 2765 1212 holfibus
2811 1159 3079 1230 capto,
3151 1135 3796 1235 amplificaverant.
3889 1139 4106 1214 Hanc
4172 1144 4344 1246 glo-

1551 1244 1735 1319 riam
1799 1238 2072 1344 quaefiit
2149 1237 2398 1338 potius
2449 1293 2470 1326 ,
2548 1239 2760 1339 quam
2833 1237 3096 1311 meruit
3133 1292 3153 1326 ,
3208 1235 3403 1337 Sylla
3441 1294 3461 1326 ‚
3513 1261 3710 1311 anno
3762 1237 4050 1311 circiter
4096 1241 4193 1316 U.
4245 1243 4338 1320 C.

1549 1367 1895 1420 Dchxw
1927 1394 1945 1425 ‚
1992 1341 2247 1414 Senec.
2296 1337 2388 1412 de
2441 1337 2716 1413 Brevit.
2766 1337 2980 1426 vitae,
3030 1336 3228 1411 XIV.
3279 1336 3564 1412 Potiori
3600 1341 3754 1437 jure
3787 1335 4015 1412 Julius
4054 1341 4281 1417 Caesar
4310 1399 4336 1433 ,

1550 1464 1668 1519 tot
1716 1439 2015 1518 deviffis
2115 1438 2399 1514 entibus
2433 1495 2453 1529 ‚
2517 1438 2596 1512 id
2664 1437 2973 1513 honoris
3061 1436 3349 1537 sumpsit
3420 1462 3617 1511 anno
3683 1438 3779 1511 U.
3827 1442 3914 1512 C.
3974 1465 4175 1515 Dccx
4214 1499 4235 1531 ,
4289 1443 4341 1520 fi

1548 1532 1839 1636 Dioni',
1879 1539 2079 1614 XLII
2127 1596 2143 1613 .
2195 1565 2360 1640 pag.
2411 1543 2561 1635 238
2596 1593 2614 1625 ,
2665 1537 3181 1613 crediderimus
3211 1594 3231 1626 ,
3275 1560 3399 1611 aut
3439 1536 3690 1637 potius
3738 1536 4010 1613 sumere
4051 1542 4340 1618 voluit:

1553 1643 1763 1718 filent
1806 1642 2001 1716 enim
2048 1639 2433 1714 Suetonius
2473 1644 2543 1713 δε
2584 1636 2906 1711 Tacitus.
2963 1638 3231 1711 Merito
3275 1663 3573 1741 quoque
3615 1636 3732 1712 Au
3835 1638 3973 1711 stus
4005 1693 4027 1727 ,
4068 1645 4138 1714 &
4180 1642 4337 1744 ipse

1554 1742 1843 1841 imperii
1889 1762 2381 1841 propagator,
2444 1736 2854 1840 pomerium
2906 1736 3221 1839 protulit
3299 1744 3500 1813 anno
3561 1736 3661 1811 U.
3735 1663 3832 1813 {u
3904 1763 4243 1816 Dcchv1
4304 1794 4335 1834 ,

1553 1841 1712 1917 Dio
1744 1899 1766 1931 ‚
1810 1838 1999 1915 LVI.
2047 1864 2214 1942 pag.
2258 1861 2441 1939 552.

1648 1942 1751 2015 At
1796 1938 2178 2043 quomodo
2292 1939 2650 2015 omerium
2695 1938 3068 2040 protulere
3097 1995 3117 2029 ,
3171 1940 3221 2013 fi
3267 1938 3492 2016 Urbis
3534 1938 3840 2013 ambitus
3878 1963 4035 2014 non
4077 1963 4331 2014 creve-

1551 2042 1650 2123 rit
1681 2107 1699 2133 ,
1749 2062 1832 2115 ut
1872 2037 2161 2117 testatur
2209 1965 2602 2140 lgionysms
2641 2038 2852 2139 supra
2893 2039 3275 2114 laudatus?
3328 2038 3694 2139 Dionysio
3742 2036 4101 2114 diffentire
4137 2038 4331 2113 certe

1547 2168 1709 2219 non
1756 2140 1932 2215 licet
1998 2138 2566 2213 Existimaverim
2608 2163 2788 2238 ergo
2838 2138 2975 2212 hos
3017 2137 3335 2236 pomerii
3364 2164 3505 2235 pro
3563 2159 3894 2236 agatores
3923 2193 3946 2227 ,
3987 2138 4106 2212 vel
4162 2139 4334 2211 vio-

1553 2241 1773 2316 latam
1809 2236 2121 2336 pomerii
2155 2237 2597 2311 sanctitatem
2627 2236 3051 2322 renovass'e3
3099 2237 3223 2309 vel
3253 2290 3272 2322 ,
3376 2260 3478 2313 uo
3575 2237 3815 2308 verius
3846 2236 4282 2313 crediderim
4308 2288 4335 2325 ,

1551 2338 1753 2415 fuisse
1805 2337 1880 2409 in
1924 2333 2144 2409 Urbis
2202 2335 2473 2421 amb'tu
2526 2355 2764 2432 partes
2812 2357 3077 2434 aggere
3126 2339 3196 2407 δε
3247 2261 3439 2407 sollus
3493 2332 3965 2407 circumdatas
4024 2387 4043 2418 ,
4105 2360 4338 2436 augu-

1550 2465 1709 2514 rum
1758 2434 1990 2529 effatis
2038 2459 2190 2508 non
2255 2434 2711 2508 consecratas
2743 2489 2766 2523 ,
2881 2458 2991 2508 uae
3021 2488 3042 2522 ,
3091 2433 3259 2507 cum
3310 2433 3722 2533 pomerium
3825 2432 4339 2523 referebatur,

1549 2534 2211 2621 consecrabantu13
2270 2533 2470 2632 cippi
2523 2557 2616 2607 ue
2671 2558 2818 2608 con
2853 2532 3242 2609 cerationis
3294 2530 3503 2607 testes
3556 2557 3757 2632 pone
3814 2552 4045 2605 antur.
4107 2530 4336 2606 «Talis

1550 2638 1856 2737 cippus,
1905 2659 1949 2707 a
1995 2631 2413 2708 consulibus
2558 2631 2905 2707 ensorino
2966 2638 3036 2707 &
3088 2631 3314 2706 Gallo
3365 2631 3687 2731 positus,
3740 2630 3910 2704 cum
3973 2630 4330 2732 Augustus

1543 2736 1956 2837 pomerium
1995 2733 2356 2831 proferret
2383 2788 2403 2821 ‚
2458 2754 2659 2806 extra
2724 2753 3015 2831 portam
3063 2730 3618 2815 Flumentanam
3678 2748 4006 2834 repertus
4030 2785 4056 2827 ,
4105 2730 4324 2813 Tibe·

1548 2835 1687 2915 tim
1728 2836 1917 2915 inter
1965 2839 2036 2910 δε
2076 2832 2273 2913 viam
2318 2830 2773 2912 flaminiam.

2506 3091 2577 3141 C.
2614 3086 2976 3142 MARCIVS.
3010 3086 3083 3140 1..
3111 3088 3176 3140 F.
3207 3086 3279 3140 L.
3320 3081 3382 3140 N

2454 3206 2952 3266 CENSORINVS.
3007 3212 3129 3264 ET.
3186 3213 3255 3263 C.
3307 3211 3431 3262 Ast

2360 3328 2556 3390 NIVS.
2640 3334 2710 3384 C.
2814 3336 2879 3386 F.
2961 3336 3279 3390 GALLVS.
3360 3334 3501 3388 COS

2766 3454 2863 3508 Ex
2914 3459 2971 3509 S.
3031 3459 3101 3510 C.

2503 3565 2665 3632 rm.
2710 3580 3005 3634 roman.
3061 3582 3366 3637 rmum

1543 3782 1637 3859 Id
1683 3781 1782 3858 est
1805 3780 2017 3875 finem
2049 3784 2319 3875 pomerii
2373 3787 2908 3858 terminaverunt.
2969 3786 3320 3863 Gruterus
3373 3782 3705 3863 CXCVI.
3772 3805 3970 3857 num.
4020 3806 4092 3858 2.
4144 3779 4320 3854 Por-

1542 3909 1629 3957 ro
1684 3880 1883 3954 fuiss‘e
1930 3879 2009 3951 in
2053 3877 2274 3955 Urbis
2319 3885 2594 3959 ambitu
2648 3907 2887 3983 partes
2937 3887 3374 3963 caerimoniis
3425 3884 3741 3985 pomerii
3788 3882 4083 3957 minime
4131 3904 4321 3954 con·-

1539 3982 1887 4070 secratas‚
1921 4000 2122 4080 patet
2149 4006 2238 4056 ex
2291 4004 2545 4059 monte
2593 3985 2978 4060 Aventino
3008 4038 3029 4071 ,
3079 4012 3294 4087 quem
3337 4012 3585 4072 omnes,
3631 3990 3741 4084 qui
3762 3989 4115 4079 pomerium
4153 4004 4321 4078 pro-

1541 4080 1898 4169 tulerant,
1961 4082 2361 4176 excluserunt
2393 4145 2411 4171 ,
2454 4083 2636 4184 quasi
2672 4084 2899 4157 avibus
2955 4088 3245 4182 obscoenis
3316 4088 3661 4180 ominosum
3696 4114 3725 4155 .·
3797 4083 4040 4157 donec
4094 4078 4321 4152 Clau-

1544 4180 1704 4254 dius
1740 4236 1762 4270 ,
1812 4179 2232 4254 Britannica
2270 4180 2394 4254 sua
2439 4182 2745 4258 vistoria
2792 4181 3054 4258 elatior
3082 4241 3103 4273 ,
3149 4183 3363 4285 quam
3403 4202 3484 4257 ut
3527 4182 3893 4257 ominosas
3927 4181 4057 4256 reli
4116 4180 4322 4254 iones

1541 4280 1950 4361 attenderet
1978 4332 1998 4368 ‚
2074 4307 2240 4355 eum
2292 4284 2621 4383 recepit,
2666 4287 2737 4355 &
2800 4288 2979 4356 intra
3027 4289 3301 4382 pomerii
3347 4284 3525 4383 fines
3585 4286 3966 4381 observavit.
4114 4277 4322 4354 ellius

1541 4380 1694 4457 loc.
1749 4382 1871 4456 cit.
3954 4427 3957 4432 ·

1654 4482 2021 4558 Memoria
2060 4482 2282 4566 exstat
2333 4484 2408 4557 in
2455 4480 2688 4559 veteri
2737 4480 2984 4580 lapide
3021 4540 3043 4575 ,
3099 4485 3192 4560 ad
3241 4485 3569 4561 cloacam
3629 4482 3697 4555 S.
3767 4479 4013 4554 Luciae
4050 4530 4078 4568 ,
4155 4499 4317 4552 non

1542 4582 1882 4690 procula
1917 4582 2203 4688 Campo
2242 4583 2480 4663 Florae
2506 4637 2529 4676 ‚
2573 4581 2770 4688 apud
2816 4583 3208 4668 Gruterum
3256 4583 3583 4663 CXCVI.
3623 4604 3819 4656 num.
3864 4603 3940 4680 4.

4198 5006 4320 5082 τι.
