4975 6149
1536 467 1708 542 268
2048 456 2146 539 C.
2266 451 3123 541 CORNELII
3229 446 3863 545 TA'CITI

1256 647 1491 693 Ξ-Ξ
1525 616 1842 705 satietas
1908 617 2291 731 cepiss'et,
2339 616 2840 732 aliorumque
2894 618 3218 705 taedium
3277 621 3818 735 exspeElarem
3847 636 3876 722 ,‘
3938 620 4316 730 quamvis

1257 726 1486 885 ¹¹3be·
1526 748 1901 831 honestos
1969 746 2273 830 civium
2312 749 2575 832 exitus
2598 809 2626 851 ,
2669 751 2919 832 tristes
2957 775 3228 832 tamen
3262 756 3346 830 ὅ(
3384 750 3823 832 continuos
3886 746 4308 860 aspernan-

1304 856 1447 975 J,0,’
1529 877 1759 959 tium.
1814 872 1926 955 At
1961 902 2195 956 nunc·
2224 877 2614 989 patientia
2660 872 2972 959 servilis
3005 933 3035 977 ,
3081 900 3562 983 tantumque
3623 875 4027 984 sanguinis
4078 875 4302 960 domi

1308 1020 1413 1083 66.
1524 1001 1929 1118 perditum
1959 1060 1984 1103 ,
2035 999 2377 1113 fatigant
2439 1004 2848 1105 animum,
2898 1008 2982 1084 &
3037 994 3392 1083 maestitia
3425 1001 3934 1112 restringunt.
4005 1003 4306 1111 Neque

1523 1127 1766 1213 aliam
1809 1127 2352 1212 defensionem
2405 1128 2502 1212 ab
2548 1132 2644 1213 iis
2673 1189 2701 1231 ,
2750 1125 3033 1240 quibus
3082 1129 3222 1210 ista
3273 1127 3772 1230 noscentur,
3824 1131 4232 1240 exegerim
4273 1186 4305 1231 ‚
4416 1144 4464 1226 ς

1524 1254 1769 1367 quam
1794 1316 1822 1360 ,
1865 1286 1965 1340 ne
1995 1253 2303 1337 oderim
2335 1266 2357 1299 ¹
2401 1282 2567 1340 tam
2621 1256 2972 1367 segniter
3008 1281 3464 1370 pereuntes,
3511 1256 3640 1338 Ira
3688 1251 3832 1337 illa
3878 1256 4309 1337 numinum

1527 1385 1615 1467 in
1649 1413 1772 1468 res
1811 1384 2222 1467 Romanas
2263 1382 2417 1466 fuit
2444 1442 2473 1486 ,
2518 1413 2755 1494 quam
2795 1414 2962 1468 non.
2991 1442 3018 1485 ,
3060 1409 3152 1466 ut
3194 1384 3279 1464 in
3326 1379 3689 1466 cladibus
3742 1383 4307 1485 exercituum,

1530 1538 1670 1594 aut
1710 1512 2179 1624 captivitate
2206 1507 2528 1592 urbium
2551 1570 2578 1613 ,
2609 1507 2860 1595 semel
2897 1510 3196 1594 editam
3236 1510 3559 1594 transire
3587 1507 3808 1591 licet.
3849 1508 4113 1592 Detur
4139 1512 4310 1592 hoc

1527 1635 1978 1719 inlustrium
2004 1640 2373 1719 virorum
2397 1639 2892 1752 posteritati,
2945 1663 3039 1719 ut
3063 1696 3095 1741 ,
3143 1636 3559 1748 quomodo
3602 1636 3997 1744 exsequiis
4031 1667 4078 1718 a
4107 1664 4302 1749 pro-

1523 1759 1830 1847 miscua
1866 1759 2269 1878 sepultura
2305 1764 2770 1877 separantur
2806 1825 2834 1867 ,
2894 1766 3056 1867 ita,
3105 1766 3193 1845 in
3238 1764 3674 1848 traditione
3704 1762 4301 1877 supremorum,
4366 1791 4464 1857 io

1524 1892 1934 2003 accipiant
1962 1886 2469 2001 habeantque
2507 1894 2915 2007 propriam
2953 1895 3458 1977 memoriam.

1652 2016 1966 2102 XVII.
2034 2018 2438 2103 Paucos
2509 2023 2808 2134 quippe
2844 2023 3051 2103 intra
3107 2020 3276 2104 dies
3318 2079 3345 2121 ,
3409 2018 3702 2104 eodem
3764 2020 4084 2130 agmine
4134 2015 4306 2100 An-

1522 2173 1733 2227 naeus
1770 2143 1999 2226 Mela
2023 2202 2050 2244 ,
2096 2142 2433 2227 Cerialis
2470 2145 2813 2230 Anicius
2843 2146 2888 2248 ,⁴
2910 2145 3198 2228 Rufius
3238 2145 3655 2258 Crispinus
3681 2205 3707 2247 ,
3748 2177 3843 2229 ac
3882 2147 4307 2228 Petronius

1522 2268 1921 2353 cecidere.
1960 2264 2191 2351 Mela
2228 2277 2311 2351 ὃς
2339 2268 2754 2381 Crispinus
2783 2331 2810 2374 ,
2850 2273 3158 2380 equites
3195 2273 3609 2369 Romani,
3657 2271 4048 2379 dignitate
4093 2271 4307 2353 sena2·

1523 2390 1732 2478 toria
1769 2403 1828 2478 ².
1879 2399 2101 2479 Nam
2150 2396 2289 2478 hic
2328 2394 2735 2505 quondam
2784 2395 3189 2511 praefeetus
3259 2397 3609 2510 praetorii
3645 2406 3729 2499 ³,
3784 2403 3868 2479 ὅ(
3923 2392 4301 2479 consula·
4364 2419 4454 2502 ις

1517 2518 1737 2604 ribus
1795 2519 2229 2635 insignibus
2282 2521 2679 2620 donatus3
2725 2553 2820 2607 ac
2871 2552 3127 2638 nuper
3194 2525 3535 2606 crimine
3580 2518 4162 2630 conjurationis
4215 2524 4302 2607 in

1515 2647 1967 2731 Sardiniam
1992 2648 2308 2732 exaaus
2346 2659 2385 2708 4
2408 2709 2437 2753 ‚
2477 2677 2821 2765 accepto
2844 2646 3053 2758 jussae
3081 2652 3364 2733 mortis
3394 2653 3684 2732 nuntio
3710 2707 3737 2750 ,
3785 2648 4036 2731 semet
4063 2651 4299 2732 inter-

1515 2772 1740 2857 fecit.
1786 2774 2009 2859 Mela
2033 2834 2060 2879 ,
2101 2772 2386 2885 quibus
2421 2773 2704 2860 Gallio
2737 2785 2818 2861 &
2855 2780 3170 2861 Seneca
3202 2785 3229 2842 5
3268 2773 3730 2889 parentibus
3768 2802 3998 2858 natus
4024 2833 4052 2877 ,
4101 2776 4299 2890 peti-

1510 2900 1738 2985 tione
1776 2905 2182 2985 honorum
2220 2898 2700 2987 abstinuerat
2727 2963 2754 3006 ,
2805 2933 2946 3019 per
2985 2901 3513 2986 ambitionem
3555 2904 4097 3018 praeposteram
4124 2960 4153 3005 ,
4205 2926 4302 2984 ut

1517 3055 1765 3136 eques
1799 3030 2223 3115 Romanus
2259 3028 2817 3116 consularibus
2856 3023 3224 3146 potentia
3248 3056 3728 3141 aequaretur:
3763 3024 3992 3111 simul
4019 3028 4294 3139 adqui-
4344 3057 4452 3114 20

1511 3154 1775 3237 rendae
1828 3159 2187 3270 pecuniae
2263 3153 2585 3242 brevius
2654 3160 2809 3242 iter
2875 3155 3257 3242 credebat
3300 3214 3332 3260 ,
3394 3188 3536 3271 per
3598 3158 4205 3271 procurationes
4256 3152 4292 3200 ⁶

1510 3281 2144 3372 administrandis
2201 3281 2597 3398 Principis
2673 3288 3050 3399 negotiis.
3113 3284 3346 3368 Idem
3410 3285 3803 3365 Annaeum
3863 3281 4299 3365 Lucanum

1509 3436 1898 3518 genuerat
1929 3470 1957 3514 ,
2010 3408 2313 3525 grande
2358 3408 2912 3519 adjumentum
2948 3409 3447 3497 claritudinis
3478 3418 3510 3466 ⁷
3542 3443 3560 3490 ε
3605 3438 3768 3518 quo
3809 3407 4229 3489 interfefilo
4260 3428 4297 3511 ,'

1510 3534 1710 3619 dum
1755 3567 1925 3621 rem
1960 3533 2437 3622 familiarem
2463 3533 2635 3646 ejus
2666 3534 2697 3585 ⁸
2751 3543 3041 3626 acriter
3075 3537 3408 3652 requirit
3432 3595 3461 3643 ‚
3503 3535 4055 3621 accusatorem
4097 3563 4310 3629 con-5

1587 3746 1607 3776 ¹
1656 3738 1760 3800 Na
1804 3738 2111 3813 onnam]
2143 3737 2371 3821 Neque
2403 3740 2591 3805 aliam
2631 3741 2858 3807 defen-
3022 3752 3041 3798 5
3089 3741 3350 3806 Gauro
3389 3757 3470 3800 ΕΤ
3497 3741 3737 3802 Sennea
3763 3733 3986 3811 ]Vide
4010 3752 4145 3815 quae
4163 3732 4307 3797 dic--

1506 3814 1747 3879 sionem
1786 3817 1864 3878 ab
1911 3814 1986 3877 iis
2000 3819 2031 3891 “,
2071 3817 2296 3897 quibus
2332 3819 2439 3885 ista
2476 3821 2856 3900 noscentur,
2934 3835 2999 3887 ta
3028 3820 3168 3885 sunt
3194 3819 3372 3900 supra
3404 3818 3633 3879 Annal.
3666 3819 3783 3880 XV
3807 3861 3827 3889 ‚
3870 3834 3976 3892 73-

1504 3894 1855 3994 exegerim,
1894 3894 2082 3974 quam
2127 3913 2195 3959 ut
2242 3899 2557 3977 patiantur
2586 3922 2688 3964 me
2714 3922 2855 3966 non
3014 3903 3044 3942 ⁶
3085 3902 3212 3962 Pan
3242 3915 3770 3962 raocuanmnns
3794 3894 3821 3966 ]
3845 3890 4126 3982 'Lucro-sa
4190 3903 4300 3954 ro-'

1501 3972 1663 4037 adeo
1725 3973 1918 4038 odiffe
1976 3988 2104 4036 tam
2156 3975 2423 4057 segniter
2483 3996 2814 4060 pereuntes
2834 4030 2854 4058 ‚
2935 3994 3294 4043 curatorum
3373 3971 3625 4035 Caesaris
3694 3970 3910 4032 officia
3973 3986 4140 4051 agita
4185 3985 4292 4036 ant

1501 4066 1575 4115 ut
1605 4051 1899 4133 indignos
1924 4072 2033 4116 eos
2055 4059 2674 4122 commemoratione
2698 4079 2853 4121 cen-
2935 4058 3177 4136 equites
3215 4055 3286 4115 δε
3334 4049 3571 4113 liberti.

1499 4129 1768 4193 fuerim:
1800 4131 2334 4211 quemadmodum
2380 4141 2542 4200 reste
2581 4136 2856 4216 explicat
3010 4145 3038 4186 ⁷
3079 4135 3355 4195 Guzana
3408 4147 3846 4217 {summanum
3894 4138 4291 4192 crannum-i

1498 4209 1716 4273 Illustr.
1755 4208 2034 4272 Huetius.
2077 4210 2239 4274 Vide
2270 4213 2471 4277 Notas
2504 4215 2574 4279 &
2614 4218 2852 4275 Emen—
2932 4231 3029 4273 ms
3057 4212 3087 4286 ]
3118 4211 3264 4272 Haec
3289 4205 3550 4269 audiant
3584 4206 3829 4268 Lucani
3866 4206 4075 4271 osores
4098 4255 4118 4283 ,
4153 4208 4285 4271 eos-

1501 4289 1789 4353 dationes
1837 4290 1916 4351 ad
1945 4289 2171 4352 Annal.
2202 4292 2388 4366 XVI,
2422 4300 2521 4354 16.
3017 4310 3050 4353 e
3100 4284 3538 4376 convitiorum
3580 4286 3828 4362 pudeat.
3882 4287 4063 4376 Noxsi
4106 4286 4288 4366 equi-

1583 4377 1607 4402 ²
1652 4370 2009 4432 Dumna-rs
2036 4391 2394 4433 snm-roma
2418 4374 2447 4448 J
2470 4373 2626 4432 Non
2655 4369 2849 4449 equi·
2974 4389 3074 4432 em
3112 4364 3530 4431 adolescentis
3564 4380 3804 4444 poetae,
3832 4382 4033 4445 patrui
4067 4365 4285 4451 aetatis-

1504 4447 1649 4510 dem
1698 4448 2049 4522 senatores,
2097 4448 2202 4511 sed
2260 4448 2503 4540 equites
2555 4447 2849 4524 illustres,
2928 4468 3051 4527 que
3084 4448 3199 4511 suae
3247 4443 3498 4509 auribus
3532 4443 3719 4507 nimis
3762 4443 4225 4507 accommodati
4254 4485 4283 4514 ‚

1501 4526 1729 4605 opibus
1772 4547 1844 4590 ac
1876 4527 2204 4606 splendore
2244 4528 2443 4590 cuivis
2486 4529 2849 4592 senatorum
2927 4527 3130 4606 vitia·,
3163 4525 3269 4589 sed
3339 4525 3558 4587 tandes
3580 4522 3815 4595 sensus,
3840 4537 4052 4611 vetere
4072 4516 4284 4607 Romil-

1497 4625 1710 4686 pares,
1751 4622 1818 4667 ut
1848 4610 2009 4668 rede
2039 4606 2329 4671 observat
2362 4607 2628 4686 Lipsius.
2930 4606 2991 4667 di
3038 4606 3282 4681 nou&
3331 4596 4285 4680 ecundandisingenushabrles,

1578 4694 1599 4735 ³
1636 4686 2006 4748 Panaca-us
2042 4691 2417 4764 PRAE‘ronn]
2452 4686 2844 4766 Crispinum,
2926 4686 2992 4748 su
3022 4685 3222 4765 picio.

1493 4759 1847 4840 prestetum
1873 4765 2147 4841 praetorii
2164 4813 2191 4842 ,
2217 4764 2493 4830 vidimus
2516 4767 2692 4847 supra
2713 4766 2846 4828 'An-
2973 4764 2999 4806 ⁸
3019 4767 3164 4827 Rem
3192 4780 3594 4825 nuruum«
3625 4755 4053 4832 nJusJMagnas
4072 4754 4282 4817 Luca-—

1492 4838 1617 4900 nal.
1652 4842 1737 4898 ΧῙ
1763 4885 1783 4913 ,
1824 4861 1875 4898 1·
2923 4843 2992 4906 ni
3010 4863 3163 4923 opes
3185 4842 3394 4903 laudat
3420 4856 3674 4917 quoque
3690 4831 3978 4895 Juvenal.
4005 4835 4144 4910 vll,
4164 4855 4283 4914 79..

1567 4924 1603 4965 4
1639 4918 1705 4976 ln
1732 4920 2094 5010 sanonum
2132 4927 2465 5002 axam-us]
2498 4928 2580 4992 Ut
2608 4925 2842 4994 dietum
2987 4945 3243 4995 Contems
3267 4937 3410 5004 sami
3433 4943 3593 5006 jaceat
3611 4937 3828 4991 Lucanus
3847 4933 3898 4987 in
3915 4935 4075 4989 hortis*-

1487 4992 1572 5061 est
1614 4992 1790 5077 supra
1824 4997 2051 5060 Annal.
2090 5001 2206 5063 XV
2229 5046 2255 5081 ,
2300 5024 2409 5080 71·
2984 5007 3288 5073 nammis,
