4975 6149
1488 430 1679 552 486·
1895 436 2336 526 NoTAE
2436 430 2610 518 ET
2703 424 3892 520 EMENDATIONES

1490 596 1724 680 varias
1761 592 1993 670 iniere
2051 590 2230 666 vias.
2266 585 2663 663 Rhenanus
2724 585 3277 676 emendaverat,
3322 593 3474 688 quin
3524 614 3665 661 eum
3716 587 3957 661 nobiles
4013 583 4275 659 haberes*

1491 699 1709 787 Vox,
1771 697 2046 780 nobiles,
2104 687 2351 790 Lipfio
2396 689 2658 765 merito
2708 688 3073 790 suspefia,
3116 687 3348 792 iisque
3401 687 3856 789 temporibus
3919 684 4272 761 insolens.

1493 794 1851 876 Tentavit
1899 815 2079 892 ergo
2120 788 2436 892 Lipfius,
2467 798 2621 892 quin
2658 818 2799 865 eum
2841 792 3181 864 nonnullos
3214 793 3456 864 habere.
3489 785 3862 888 Ryckius,
3921 794 4072 886 quin
4128 810 4277 860 eum

1495 903 1774 974 homines
1821 894 2067 968 habere.
2108 890 2170 968 J.
2211 891 2688 980 Gronovius,
2731 895 2885 1009 quin
2936 916 3078 962 eum
3110 891 3183 960 ob
3227 890 3296 961 id
3339 891 3416 960 &¹
3468 891 3713 962 habere.
3770 889 3963 981 Quae
4016 910 4278 997 omnes

1503 993 2074 1093 conjectationes
2121 1016 2165 1064 a
2205 991 2406 1065 libris
2463 988 2856 1090 plurimum
2914 986 3314 1075 recedunt,
3359 986 3693 1090 nihilque
3738 984 4279 1086 probabilitatis

1500 1095 1799 1171 habent.
1833 1092 1993 1195 Ego
2025 1093 2204 1168 verb
2244 1089 2430 1166 novi
2457 1115 2501 1162 a
2546 1088 2913 1162 Prisciano
2960 1086 3124 1161 libr.
3184 1083 3378 1162 XVI.
3407 1086 3543 1160 fol.
3590 1092 3731 1177 88,
3772 1083 4149 1163 observari
4200 1113 4277 1159 ne

1503 1195 1772 1273 dietum
1800 1193 1936 1268 esle
1986 1217 2124 1292 pro
2156 1218 2370 1290 neque.
2411 1193 2519 1262 At
2550 1187 2962 1264 obsoletam
2999 1186 3191 1260 hanc
3225 1185 3654 1288 particulam
3687 1212 3731 1260 a
3761 1187 4034 1263 Tacito
4071 1185 4276 1263 fuiffe

1502 1294 1915 1395 usurpatam
1953 1291 2251 1367 minime
2273 1287 2728 1365 crediderim.
2753 1286 3019 1390 Neque
3052 1286 3234 1364 olim
3272 1286 3616 1387 scriptum
3648 1287 3963 1389 opinor,
3995 1315 4070 1362 ne
4095 1316 4275 1385 igno-

1504 1399 1662 1470 biles
1695 1395 1966 1494 quidem.
2005 1390 2262 1495 Itaque
2306 1388 2549 1479 edidi,
2585 1416 2694 1462 nec
2725 1390 3080 1486 ignobiles,
3109 1386 3379 1464 eodem
3403 1387 3656 1476 sensu;
3684 1413 3825 1466 nec
3853 1414 3897 1462 a
3936 1388 4279 1466 codicum

1503 1494 1898 1608 scriptura,
1942 1491 2350 1595 horumque
2401 1512 2818 1588 temporum
2867 1487 2997 1563 usu
3044 1487 3283 1564 aliena
3336 1487 3778 1568 emendatio,
3825 1491 4044 1565 Tunc
4083 1489 4280 1564 enim

1504 1594 1630 1672 vel
1662 1619 1687 1666 1
1743 1593 1825 1667 fis
1851 1590 2305 1691 Principibus
2351 1589 2595 1664 liberti
2630 1588 2915 1664 tantum
2944 1611 3149 1664 erant
3170 1588 3260 1663 ab
3294 1587 3619 1689 epistolis
3646 1643 3666 1676 ,
3702 1588 4205 1679 arationibus,
4237 1614 4282 1666 a

1506 1692 1686 1769 libel
1723 1693 1804 1766 is.
1831 1696 2089 1795 Neque
2121 1691 2199 1765 id
2221 1711 2575 1765 mutatum
2600 1712 2767 1764 ante
2790 1688 3074 1765 Vitellii
3088 1710 3424 1790 tempora
3445 1744 3468 1778 ,
3494 1687 3672 1764 teste
3687 1689 3959 1767 Tacito
3987 1688 4172 1764 Hist.
4201 1689 4284 1781 Ι,

1510 1813 1553 1894 5
1569 1797 1642 1869 8.
1677 1795 1977 1866 Vitellius
1996 1792 2343 1887 ministeria
2356 1791 2788 1886 principatus,
2807 1817 2921 1882 per
2949 1791 3204 1863 libertos
3220 1796 3327 1888 agi
3350 1793 3554 1887 solita
3571 1845 3592 1880 ‚
3621 1796 3687 1862 in
3710 1798 3941 1891 equites
3962 1794 4281 1864 Romanos

1509 1896 1808 1988 disponit.
1839 1888 2075 1965 Immo
2112 1889 2188 1961 id
2220 1889 2347 1964 vix
2380 1886 2590 1964 brevi
2624 1888 2911 1965 Vitellii
2958 1888 3273 1990 imperio
3302 1888 3578 1965 valuit:
3627 1888 3679 1963 fi
3730 1891 4026 1992 quidem
4072 1893 4288 1992 Spar-

1506 1993 1746 2070 tianus
1794 1989 1885 2064 de
1938 1988 2322 2063 Hadriano
2383 2009 2623 2062 narrat
2661 2014 2821 2090 cap.
2875 2014 3031 2080 22,
3092 1992 3175 2064 ab
3226 1989 3505 2088 epistolis
3550 1993 3625 2064 &¹
3670 2017 3714 2064 a
3757 1995 3994 2069 libellis
4039 2001 4290 2090 primus

1515 2101 1547 2191 (
1574 2088 2040 2183 Hadrianus)
2068 2096 2651 2265 efflsssomanos
2679 2093 2928 2166 habuit.

1545 2261 1552 2270 ,
1608 2190 2085 2361 Αῆρειιετ]
2304 2187 2556 2268 Guelf.
2597 2186 2736 2266 Jes.
2761 2196 2833 2267 δε
2860 2189 3346 2278 Puteolanus,
3370 2191 3749 2287 appellaret.
3782 2190 3871 2266 In
3911 2191 4046 2268 ΜΓ.
4076 2192 4292 2269 Harl.

1515 2317 1670 2386 appe
1732 2315 1865 2365 are.-

1469 2573 1476 2582 ,
1621 2487 1838 2562 CAP.
1895 2486 2229 2566 XXXVI.
2275 2488 2650 2567 Sncnnns
2686 2497 3449 2584 mmmm-romnus]
3487 2489 3576 2564 In
3597 2488 3738 2565 Ms.
3767 2489 3953 2590 Reg.
3976 2494 4304 2565 machina-

1525 2591 1840 2663 tionibus:
1874 2609 1946 2662 at
1976 2615 2127 2664 vox
2166 2588 2392 2664 obelo
2437 2611 2733 2665 notata:
2780 2612 2943 2663 eam
2974 2612 3219 2666 tamen
3248 2589 3666 2691 probabant
3708 2588 4000 2664 Urfinus
4028 2595 4100 2666 δε
4136 2591 4319 2667 Mu-

1523 2709 1740 2765 retus.
1770 2689 1861 2761 In
1891 2687 2030 2763 Ms.
2055 2689 2089 2766 J
2099 2688 2194 2763 es.
2226 2693 2644 2791 imaginibus.

1630 2786 1950 2862 Dfflmc
1981 2793 2325 2886 nmero]
2374 2793 2617 2862 Dehinc
2653 2786 2812 2861 Mss.
2846 2792 2916 2861 δε
2946 2789 3233 2861 veteres
3259 2787 3647 2861 editiones.
3677 2786 4065 2863 Rhenanus
4090 2845 4110 2878 ,
4134 2789 4301 2867 dein.

1523 2887 1617 2962 In
1643 2885 1802 2960 Mss.
1831 2887 2034 3059 [jail.
2071 2886 2290 2964 Bodl.
2327 2887 2466 2967 Jes.
2501 2886 2749 2995 Guelf.
2782 2892 2854 2963 δε
2900 2885 3357 2966 editionibus
3393 2887 3763 2964 veteribus
3785 2944 3808 2979 ,
3859 2891 4050 2964 elifio.
4097 2888 4307 2968 Rhe·

1526 3010 1795 3077 nanus,
1824 3015 1853 3060 e
1899 3014 1922 3058 ι
1988 3015 2047 3061 o.

1638 3090 1989 3164 Prummu
2041 3096 2418 3186 umora]
2446 3089 2653 3167 Bene
2692 3088 3016 3167 Pichena
3044 3112 3085 3163 e
3114 3087 3252 3164 ΜΓ.
3283 3087 3481 3170 Flor.
3513 3088 3760 3193 Vulgb
3788 3088 3865 3163 in
3889 3088 4047 3165 Mss.
4078 3095 4147 3166 δε
4172 3089 4311 3166 Pu-

1528 3185 1864 3265 teolanus
1884 3243 1909 3285 ,
1933 3190 2185 3268 exinde.
2666 3196 2675 3206 '

1641 3289 2120 3371 VENERATus
2168 3296 2422 3389 ntos]
2475 3287 2633 3364 Mff.
2674 3286 2729 3361 F
2736 3286 2869 3366 lor.
2923 3288 3152 3368 Corb.
3192 3290 3425 3366 editio
3477 3288 3827 3391 princeps·
3867 3294 3937 3367 δε
3963 3290 4306 3371 Pichena.

1531 3387 1624 3463 In
1651 3387 1805 3467 Mff.
1829 3388 2039 3465 Harl.
2078 3390 2297 3465 Bodl.
2330 3390 2372 3467 J
2375 3390 2465 3466 es.
2496 3388 2744 3465 Guelf.
2782 3397 2852 3466 δε
2886 3389 3371 3484 Puteolanus,
3396 3418 3841 3467 veneraturus.

1642 3487 2042 3565 Tr-:mrmm
2084 3498 2425 3584 mmm]
2472 3490 2613 3565 Ms.
2649 3492 2833 3592 Reg.
2874 3492 3102 3588 iviffit.

1638 3585 1952 3662 Vrmssrz
1989 3615 2302 3669 Mffis‘ros
2335 3598 2373 3686 ]
2417 3589 2555 3669 Ms.
2604 3587 2786 3689 Reg.
2818 3591 3058 3665 videre.
3290 3644 3299 3657 .

1641 3682 2253 3776 PARENDUMQUE
2286 3698 2322 3785 ]
2369 3693 2507 3782 Que
2538 3686 2732 3763 abest
2765 3713 2807 3763 a
2841 3689 2994 3765 Mss.
3057 3689 3262 3765 Harl.
3291 3689 3510 3767 Bodl.
3545 3689 3686 3768 Jes.

1538 3785 2425 3960 RhVoLENTrAlruznss]
2478 3792 2867 3891 Perperam
2922 3788 3399 3869 emendarunt
3439 3790 3925 3885 Puteolanus,
3971 3794 4312 3887 valentia,

1569 3960 1578 3969 ,
1660 3911 1929 3964 enanus
1951 3941 1972 3976 ,
1999 3916 2082 3962 νο
2114 3914 2270 3968 enti.

1649 4089 1869 4168 CAP.
1923 4090 2298 4167 XXXVII.
2346 4096 2776 4190 smuzu]
2813 4095 2951 4170 Ms.
2988 4091 3129 4171 Jes.
3148 4095 3461 4190 statuere.

1653 4191 1877 4286 QUAS
1909 4215 1957 4264 A
1991 4190 2441 4270 T1G1-:ano
2475 4219 2826 4270 nanas
2857 4201 2882 4293 ]
2920 4195 3297 4269 MssAElor.
3329 4196 3432 4270 Re
3490 4254 3506 4270 .
3556 4193 3783 4270 Corb.
3827 4192 4061 4269 editio
4114 4191 4331 4293 prin-³

1546 4315 1719 4392 ceps
1747 4296 1816 4367 &
1850 4289 2314 4367 recentiores.
2337 4294 2533 4369 Male
2563 4297 2639 4368 in
2668 4294 2822 4369 Mss.
2860 4293 3257 4370 Bodl..Jes..
3278 4297 3445 4371 Gue
3478 4295 3528 4368 f.
3552 4294 4119 4382 &Puteolanus,
4146 4290 4332 4392 quast

1548 4393 1859 4491 Tigillino
1882 4414 2157 4488 paracoe.
2206 4393 2299 4467 In
2343 4395 2670 4497 margine
2718 4393 2855 4470 ΜΓ.
2883 4393 3103 4469 Bodl.
3163 4396 3665 4484 emendatum,
3712 4423 3868 4497 quas
3922 4423 3971 4470 a
4014 4396 4323 4494 Tigillino

1535 4508 1837 4586 ‘pai-atas.

1653 4590 1784 4665 Ur
1827 4616 2256 4670 numum
2292 4599 2729 4688 numnam]
2773 4595 2974 4669 Bene
3016 4593 3154 4670 Ms.
3202 4595 3400 4673 Flor.
3441 4596 3534 4671 In
3576 4596 3735 4671 Mff.
3766 4594 3949 4696 Reg.
3988 4591 4210 4667 Corb.
4248 4595 4329 4663 δε

1553 4689 1886 4766 editione
1916 4695 2252 4795 principe
2277 4751 2297 4784 ,
2335 4718 2406 4767 ut
2442 4697 2738 4791 exempla
2769 4698 3065 4795 referam.
3096 4696 3257 4772 Mff.
3301 4697 3509 4774 Harl.
3554 4694 3776 4774 Bodl.
3808 4694 3946 4773 Jes.
3974 4690 4228 4772 Guelf.
4253 4695 4327 4765 &

1555 4788 1995 4865 Puteolanus
2017 4847 2040 4882 ,
2082 4819 2154 4867 ut
2191 4798 2553 4892 exemplum
2564 4796 2805 4893 feram.

1651 4884 2007 4991 Rarum]
2062 4893 2387 4994 Hujusce
2420 4895 2589 4974 ratis
2631 4895 2980 4976 fabricam
3023 4896 3249 4997 doce-t
3284 4897 3617 4976 Lucanus
3636 4956 3661 4995 ,
3713 4895 3862 4991 IV,
3927 4917 4047 4993 17.
4100 4888 4347 4969 Simul}
