4975 6149
1502 599 1509 609 1

1211 610 1440 657 -

1252 789 1397 850 818.

1246 895 1295 944 J.
1332 897 1396 948 C.

1278 988 1381 1062 65.

1455 4614 1687 4680 {olitas
1710 4617 1953 4701 fruges,
1989 4644 2109 4688 nec
2135 4644 2352 4687 aurum
2372 4627 2644 4690 metallis
2663 4648 2828 4691 con-

1450 4868 1595 4930 que
1624 4851 1785 4929 ipsos
1804 4858 2027 4923 obvias
2052 4883 2207 4942 opes
2229 4863 2609 4939 deferreJta
2630 4888 2825 4948 exag-

1487 426 1662 526 258
2025 414 2125 498 c,
2246 408 3085 499 CORNELII
3192 405 3810 496 TACITI

1488 854 1763 916 rentur
1787 890 1816 935 ,
1870 858 2114 947 auget
2164 829 2384 915 ultro
2434 858 2896 925 rumorem3
2947 830 3357 938 mittitque
3387 885 3416 931 ,
3470 831 3611 939 qui
3673 827 3905 914 velut
3958 852 4267 947 partam

1487 960 1831 1076 praedam
1868 962 2329 1042 aveherent.
2366 958 2692 1042 Dantur
2739 959 3104 1040 triremes
3147 962 3230 1039 ὅ(
3284 952 3685 1038 delectum
3735 960 4154 1072 navigium
4183 969 4213 1005 ²
4236 1018 4267 1064 ,

1484 1084 1852 1196 juvandae
1896 1086 2433 1169 festinationi:
2476 1114 2633 1167 nec
2682 1078 2940 1166 aliud*
2961 1112 3104 1198 per
3164 1078 3352 1166 illos
3413 1081 3583 1167 dies
3613 1141 3642 1186 ,
3684 1082 4036 1198 populus
4086 1116 4263 1172 cre-

1487 1210 1826 1298 dulitate
1852 1272 1880 1316 ,
1931 1210 2364 1327 prudentes
2401 1204 2716 1294 diversa
2750 1203 2962 1293 fama
2992 1270 3020 1313 ,
3065 1206 3353 1292 tulere.
3394 1210 3523 1294 Ac
3563 1209 3773 1294 forte
3814 1204 4268 1325 quinquen-⁵

1486 1337 1671 1424 nale
1707 1339 2109 1431 ludicrum
2168 1336 2529 1422 secundo
2577 1335 2878 1420 lustro³
2931 1331 3533 1422 celebrabatur:
3566 1368 3611 1421 a
3640 1336 3955 1421 vatibus
3996 1367 4269 1426 orato-

1487 1464 1861 1577 ribusque
1904 1476 1941 1525 4
2005 1466 2403 1578 praecipua
2464 1467 2798 1548 materia
2869 1464 2954 1545 in
3017 1460 3344 1547 laudem
3406 1465 3803 1579 Principis
3852 1465 4270 1583 adsumpta

1489 1595 1638 1675 est:
1696 1627 1741 1667 ‹<
1781 1595 1981 1676 Non
2031 1593 2249 1676 enim
2290 1595 2605 1674 tantum
2663 1588 2938 1673 solitas
2972 1590 3295 1702 fruges,
3349 1619 3504 1674 nec
3553 1588 3904 1677 metallis
3970 1594 4265 1677 confu-

1486 1718 1661 1799 sum
1713 1746 1994 1801 aurum
2052 1718 2337 1829 gigni,
2375 1717 2515 1800 sed
2574 1714 2789 1801 nova
2833 1714 3198 1801 ubertate
3258 1719 3685 1832 provenire
3723 1746 4014 1803 terram
4045 1729 4121 1822 5,
4180 1730 4265 1804 &

1484 1842 1831 1958 »obvias
1896 1871 2092 1958 opes
2151 1841 2461 1927 deferre
2507 1842 2702 1927 deos
2730 1877 2813 1926 »t
2871 1874 3199 1956 quaeque
3264 1841 3419 1928 alia
3470 1842 3779 1928 summa
3819 1844 4204 1929 facundia
4233 1905 4262 1950 ,

1487 1972 2001 2064 neominore
2053 1965 2514 2054 adulatione
2552 1968 2874 2087 servilia
2922 1969 3335 2087 fingebant
3360 2030 3391 2076 ,
3432 1969 3694 2084 'secur-i
3731 1973 3830 2057 de
3875 1971 4265 2057 facilitate

1472 2095 1919 2182 credentis.

1611 2224 1785 2307 ΙΙΙ.
1854 2224 2433 2306 GmscznAr
2472 2224 2803 2304 interim
2844 2217 3161 2305 luxuria
3196 2222 3333 2335 spe
3377 2222 3599 2303 inani
3627 2278 3655 2322 ,
3687 2222 4264 2309 consumeban-

1483 2373 1772 2458 turque
1819 2374 2131 2432 veteres
2185 2376 2382 2461 opes
2407 2344 2486 2451 ⁶,
2540 2347 2753 2459 quast
2810 2344 3157 2452 oblatis,
3211 2375 3402 2457 quas
3451 2344 3754 2432 multos
3809 2378 3951 2464 per
4005 2380 4257 2436 annos

1484 2474 1972 2591 prodigeret.
2014 2476 2243 2589 Quin
2293 2474 2613 2560 &inde
2663 2469 2823 2584 jam
2875 2471 3408 2588 largiebatur:
3460 2481 3544 2560 &
3593 2473 4056 2561 divitiarum
4123 2505 4265 2561 ex-

1479 2600 1866 2715 speclatio
1894 2661 1922 2705 ,
1962 2604 2175 2688 inter
2227 2600 2501 2688 causas
2543 2605 3031 2720 paupertatis
3072 2601 3414 2719 publicae
3457 2628 3652 2687 erat.
3680 2604 3903 2687 Nam
3934 2602 4206 2687 Bassus
4232 2663 4262 2708 ‚

1613 570 1735 661 II.
1802 574 2169 659 IG1TUR
2221 579 2511 679 Nero,
2565 604 2733 660 non
2783 575 3122 658 auctoris
3146 634 3175 680 ,
3228 606 3402 685 non¹
3449 572 3686 690 ipfius
3742 575 4059 690 negotii
4109 575 4272 664 fide

1209 693 1439 752 Αϋῦ·
1489 706 1671 790 satis
1708 703 2103 818 speciata,
2158 733 2311 787 nec
2358 702 2595 787 missis
2639 713 2661 748 ¹
2724 732 2865 816 per
2916 731 3117 812 quos
3168 702 3593 805 nosceret,
3625 733 3729 786 an
3782 734 3974 789 vera
4011 707 4274 791 adfer-

4334 1755 4437 1810 10

1481 2727 1766 2812 effoffo
1799 2759 1997 2843 agro
2038 2730 2181 2814 suo
2205 2789 2234 2834 ,
2262 2727 2604 2841 latisque
2637 2734 2945 2817 circum
2975 2733 3181 2815 arvis
3207 2789 3233 2833 ,
3271 2730 3467 2812 dum
3523 2732 3746 2813 hunc
3771 2787 3800 2832 ,
3840 2726 3974 2812 vel
4018 2727 4257 2812 illum
4382 2814 4385 2816 ,

1477 2850 1761 2941 locum
1818 2857 2173 2971 promiffi
2222 2857 2504 2971 specus
2564 2856 2976 2941 adseverat
3000 2916 3032 2960 ,
3102 2857 3697 2967 sequunturque
3763 2882 3934 2938 non
4009 2859 4257 2941 modo

1560 3047 1583 3079 ¹
1629 3039 1771 3104 Nnc
1820 3041 2069 3118 mssts]
2098 3037 2261 3105 Vide
2288 3039 2494 3104 Notas
2515 3011 2834 3106 &Emen-
2909 3033 3206 3116 Metallis,
3243 3056 3328 3102 ne
3358 3038 3436 3102 de
3475 3036 3612 3102 aliis
3649 3036 3920 3102 metallis
3954 3036 4218 3119 accipias
4237 3054 4262 3116 ‚‘

1469 3118 1769 3182 dationes
1802 3120 1882 3181 ad
1909 3115 2325 3185 Annalffxvl
2353 3166 2374 3196 ,
2416 3141 2476 3182 2.
2910 3118 3015 3181 sed
3064 3120 3143 3182 de
3184 3116 3470 3196 fodinis,
3522 3116 3750 3199 quibus
3805 3116 4134 3183 confusum
4181 3119 4262 3182 est
4392 3192 4399 3197 1

1484 3251 1491 3258 .
1554 3207 1582 3237 ²
1623 3198 1980 3261 Deuca-mu
2011 3203 2395 3338 uavxmuun]
2430 3196 2674 3261 Deleffi
2696 3197 2836 3261 sunt
2909 3217 3147 3261 aurum.
3201 3197 3433 3260 Plinius
3491 3195 3718 3257 metalla
3766 3196 3880 3262 hac
3937 3196 4260 3279 fignifica-

1476 3294 1705 3350 nautoe,
1730 3291 1801 3338 ut
1824 3281 1986 3340 reete
2015 3270 2333 3357 explicati
2380 3278 2520 3340 ustr.
2545 3276 2832 3341 Huetius.
2912 3276 3092 3341 tione
3116 3277 3324 3357 paffim
3348 3276 3613 3356 usurpat.

1473 3356 1699 3425 Mallet
1735 3355 2137 3420 Boxhotnius
2163 3403 2183 3435 ,
2227 3355 2483 3417 delefium
2525 3357 2832 3439 remigium.
2989 3358 3018 3397 ⁶
3065 3358 3348 3421 Vernus
3374 3359 3576 3434 ores]
3612 3356 3759 3418 Haec
3804 3351 4060 3416 illustrat
4103 3355 4259 3416 Sue-

1559 3445 1581 3489 3
1637 3430 1933 3499 &cunno
1991 3441 2293 3515 tus-rao]
2338 3435 2833 3515 Quinquennale
2911 3433 3123 3500 tonius
3162 3433 3231 3496 in
3263 3433 3415 3498 Ner.
3459 3434 3693 3511 XXXI,
3733 3434 3909 3497 Nero
3951 3429 4252 3494 inchoabat

1476 3511 1642 3577 illud
1678 3513 1992 3579 ludicrum
2040 3515 2384 3580 instituerat
2427 3517 2606 3578 Nero
2659 3527 2833 3579 anno·
2905 3513 3174 3593 piscinam
3215 3533 3255 3575 a
3312 3513 3530 3595 Miseno
3575 3512 3651 3573 ad
3701 3513 3989 3573 Avernum
4032 3509 4216 3570 lacum
4234 3554 4258 3587 ,

1477 3595 1554 3674 U.
1592 3595 1668 3655 C.
1720 3615 2055 3671 ncccxm,
2102 3611 2173 3659 ut
2235 3594 2470 3659 dietum
2523 3593 2606 3657 est
2658 3593 2835 3673 supra
2912 3594 3245 3673 centenam,
3314 3593 3576 3657 orticibus
3599 3587 4066 3674 conclusam,quo
4094 3587 4257 3671 quid-

1476 3672 1710 3734 Annal.
1745 3676 1929 3749 XIV,
1967 3694 2067 3749 20.
2113 3674 2417 3756 Quinque
2455 3673 2636 3739 annis
2679 3673 2833 3738 soli-
2909 3671 3040 3753 quid
3074 3674 3205 3735 totis
3294 3673 3404 3736 aiis
3443 3672 3750 3735 calidarum
3784 3689 3813 3731 e
3850 3687 3950 3749 et,
3986 3687 4259 3730 converte-

1464 3749 1575 3813 „dis
1591 3751 2445 3820 vertentibus.instauratum
2465 3750 2607 3817 fuit.
2632 3753 2835 3832 Quin-
2911 3771 3079 3817 retur.
3103 3751 3312 3836 Foffam
3355 3751 3426 3814 ab
3471 3753 3699 3814 Averno
3737 3748 3790 3812 Ο
3834 3751 3945 3811 iam
3983 3750 4138 3830 usque
4159 3796 4178 3826 ,
4199 3765 4260 3810 ut

1478 3831 1793 3909 quennale
1829 3849 2019 3910 ergo,
2063 3852 2199 3896 non
2240 3835 2395 3897 vero
2454 3833 2786 3899 sexennale
2812 3881 2833 3911 ,
2909 3831 3184 3911 navibus,
3215 3854 3317 3895 nec
3338 3850 3521 3894 tamen
3539 3831 3683 3892 mari
3703 3828 3911 3905 iretur,
3950 3826 4260 3911 longitudi-

1472 3909 1551 3970 ὐτ
1600 3929 1707 3988 per
1753 3930 1920 3974 eram
1977 3912 2315 3976 contendit
2362 3912 2642 3995 Scaliger
2681 3960 2702 3992 ,
2754 3915 2833 3978 de
2910 3912 3002 3974 nis
3035 3934 3138 3989 per
3172 3930 3387 3974 centum
3413 3910 3725 3991 sexaginta
3770 3906 3945 3969 millia
3984 3931 4004 3966 .·
4063 3906 4261 3972 latitu-

1474 3987 1675 4049 Emen
1722 4005 1805 4053 at.
1851 3991 2156 4070 Tempor.
2191 3997 2269 4057 V.
2304 4011 2443 4072 pag.
2489 4015 2656 4071 440,
2704 3993 2833 4058 dici
2910 3990 3096 4068 dinis,
3149 3993 3256 4071 qud
3307 3992 3604 4050 contraria
3660 3986 4070 4068 quinqueremes
4117 4007 4259 4048 com-

1477 4065 1719 4130 debuit.
1780 4069 1925 4131 Haec
1988 4076 2274 4135 accurate
2328 4069 2635 4149 disputata
2680 4071 2832 4137 vide
2910 4089 3176 4133 mearent.
3300 4087 3487 4128 uorum
3537 4086 3754 4143 operum
3802 4064 4257 4148 perficiendorum

1475 4144 1644 4223 apud
1682 4147 2007 4212 Petavium
2029 4195 2053 4226 ‚
2090 4150 2168 4214 de
2199 4149 2483 4214 Doctrin.
2523 4153 2827 4232 Tempor.
2901 4148 3133 4229 gratia,
3161 4167 3262 4240 quo
3323 4145 3515 4228 ubique
3529 4147 3652 4288 ῗθεε
3672 4145 3921 4229 custodiae
3944 4145 4003 4208 in
4026 4144 4256 4208 Italiam

1473 4224 1567 4285 XI
1582 4270 1602 4300 ,
1651 4245 1672 4286 1
1687 4245 1747 4305 5.
2908 4226 3184 4368 {aponum
3201 4273 3222 4305 ,
3243 4225 3411 4287 etiam
3428 4227 3527 4307 ste
3550 4247 3640 4289 ere
3667 4227 3941 4290 convifios
3957 4273 3977 4305 ,
4019 4247 4129 4287 non
4153 4225 4258 4308 nisi

1553 4309 1589 4350 4
1626 4306 1683 4365 A
1716 4326 1989 4371 vannus
2021 4310 2622 4385 ona-romnusomz]
2666 4307 2830 4373 Vide
2907 4371 2922 4378 „
3035 4325 3167 4382 opus
3228 4303 3528 4385 damnari,
3569 4319 3930 4386 preceperat.
3975 4305 4070 4369 Ad
4109 4306 4258 4366 hunc

1468 4378 1680 4445 Notas
1718 4384 1791 4450 &
1831 4387 2161 4451 Emendat.
2184 4389 2263 4451 ad
2284 4388 2513 4451 Annal.
2539 4390 2685 4453 XVI
2710 4434 2731 4466 ,
2768 4411 2827 4453 2.
2907 4385 3298 4462 impendiorum
3319 4386 3570 4465 furorem
3611 4390 3782 4469 Jieper
3821 4385 4096 4468 fiduciam
4143 4385 4255 4444 im-

1462 4501 1472 4510 ·
1559 4471 1579 4515 ⁵
1625 4465 2009 4531 Pnovmuu
2074 4482 2344 4530 ratium
2378 4468 2413 4544 J
2458 4469 2592 4531 Hac
2655 4467 2828 4532 enim
2904 4466 3086 4543 perii,
3110 4466 3385 4548 etiumspe
3400 4466 3638 4549 quadam
3658 4467 3948 4547 repentina
3968 4460 4258 4540 immensit-

1461 4533 1795 4605 fortunata
1843 4545 2122 4609 Neronis
2176 4561 2356 4609 aetate
2393 4566 2528 4610 non
2579 4551 2829 4612 tantum
2907 4566 3026 4608 rum
3067 4545 3130 4608 Cr
3171 4546 3578 4610 reconditarum
3618 4568 3774 4623 opum
3818 4542 4075 4623 impulfic's
4123 4537 4195 4620 est
4222 4564 4248 4600 .-

2903 4647 2975 4688 ex
2996 4625 3202 4688 indicio
3233 4627 3434 4708 equitis
3462 4627 3700 4688 Romani
3727 4645 3823 4700 pro
3854 4636 4118 4695 comperto
4133 4618 4249 4695 pol·

2904 4705 3161 4784 licentis,
3200 4708 3479 4789 thesauros
3502 4702 3871 4784 antiquiffimae
3888 4717 4053 4781 guzoe
4112 4716 4249 4777 quos

2901 4785 3061 4847 Dido
3085 4785 3523 4868 reginafitgt'ens
3545 4781 3687 4863 Tyro
3699 4782 3885 4863 ficum
3931 4745 4204 4915 extuclf'ffist
4222 4823 4247 4854 ,

2899 4866 2999 4949 effe
3033 4865 3095 4926 in
3138 4864 3341 4955 Africa
3380 4858 3964 5008 vastigimisspecubus
3989 4855 4060 4917 ab
4100 4875 4246 4937 tros,

2899 4965 2971 5009 ac
2987 4944 3130 5027 poffe
3145 4955 3275 5009 ‘etur
3303 4960 3483 5020 pantu
3581 4938 3920 5006 mellentum
3954 4935 4143 5017 operti·

1471 4689 1674 4782 fusum
1699 4697 1912 4778 gigni,
1954 4701 2056 4767 sed
2087 4717 2312 4768 terram
2348 4705 2524 4769 nova
2543 4707 2837 4771 ubertate

1460 4792 1541 4833 m
1574 4792 1796 4838 aureos
1821 4798 2164 4856 proventus
2198 4783 2826 4865 efflorescere,deos-

1465 4930 1768 5012 gerabant
1808 4933 2061 5007 divitias
2094 4961 2177 5007 ex
2217 4941 2432 5014 Africi
2457 4944 2822 5016 afferendas.
