4975 6149
994 459 1160 545 AD
1196 459 1650 546 LIBRUM
1686 458 1880 545 XV.
1920 461 2205 546 ANN.
2245 462 2341 546 C.
2393 461 2755 550 CORN.
2800 462 2880 548 T
2882 459 3153 548 ACIT
3156 464 3223 549 Ι.
3317 496 3431 574 47
3441 499 3494 569 9

817 616 1601 691 SuccnnnmnAN‘run
1635 622 1674 708 ]
1718 611 1859 686 Ms.
1895 612 2131 689 Corb.
2156 616 2755 711 subgrediehantur.

811 716 1665 808 &nominamus-rua]
1702 713 1859 789 Mff.
1896 712 2106 788 Harl.
2143 714 2360 790 Bodl.
2404 714 2542 792 Jes.
2592 722 3222 793 circumvenirentur.

801 816 1288 902 LONGINQUA
1336 838 1436 888 ET
1470 821 1719 906 ΑνιΑ]
1752 813 1946 889 Male
1984 814 2424 890 Puteolanus
2440 842 2560 912 per
2606 819 2952 913 longinqua
2977 873 2997 904 ‚
3035 823 3171 891 &c.

806 913 1057 990 M1ss1s
1104 922 1478 1007 ιΤεειυΜ]
1516 912 1902 1012 Perperam
1924 915 2000 986 in
2032 915 2193 989 Mss.
2223 914 2431 989 Harl.
2467 914 2603 992 Jes.
2638 915 2881 990 Guelf.
2908 925 2978 995 δε
3008 915 3491 1013 Puteolanus,

708 1018 912 1105 item3
948 1013 1144 1089 unde
1172 1034 1417 1088 tamen
1451 1012 1983 1087 Freinshemius
2011 1014 2457 1108 conjiciebat
2484 1016 2848 1088 identidem.

808 1115 1348 1190 Rmssmunos
1380 1120 1415 1206 ]
1452 1113 1567 1187 Ita
1593 1111 1749 1187 Mss.
1796 1111 2030 1189 editio
2057 1113 2398 1214 princeps
2431 1115 2735 1217 aliaeque
2764 1112 3093 1214 plurimae
3121 1141 3206 1191 ac
3235 1142 3494 1195 recen-

705 1214 957 1292 tiores.
993 1213 1478 1302 Puteolanus,
1524 1237 1940 1287 retenturum.

811 1415 1022 1491 CAP.
1053 1416 1220 1490 XII.
1255 1416 1523 1492 Sum-A
1552 1438 1802 1489 BELLo
1825 1421 1860 1510 ]
1884 1406 2140 1490 Editio
2158 1413 2525 1516 princeps,
2550 1412 2870 1489 Pichena
2892 1421 2959 1489 δε
2987 1413 3489 1494 RecentioreS.

706 1512 1150 1592 Puteolanus
1178 1572 1198 1605 ,
1236 1518 1496 1617 affueta.

806 1613 1138 1690 OnusTA
1177 1623 1649 1709 faunam-1]
1691 1613 1805 1690 Ita
1841 1611 1998 1689 Mss.
2038 1615 2404 1691 editiones
2460 1635 2741 1690 veteres
2781 1621 2850 1689 ὃς
2885 1615 3355 1692 recentiores.
3399 1616 3491 1692 In

701 1713 905 1790 :sexta
930 1711 1148 1815 Lipfii
1189 1716 1519 1792 editione
1557 1715 1859 1818 aliisque
1892 1740 2054 1791 eam
2086 1716 2382 1804 secutis,
2396 1717 2755 1810 frumento.

798 1812 1192 1889 Nummus
1237 1823 1910 1910 AnlrlscssnETuss]
1945 1817 2054 1889 Ita
2084 1814 2243 1890 Mff.
2277 1814 2485 1887 Harl.
2531 1812 2753 1888 Bodl.
2778 1812 2918 1886 Jes.
2959 1814 3187 1889 Corb.
3236 1822 3307 1891 δε
3338 1841 3481 1890 ve·

702 1930 892 1988 teres
925 1913 1310 1990 editione&
1358 1915 1727 2016 Corrupt‘e
1763 1916 1841 1989 in
1861 1916 1993 1989 Ms.
2018 1913 2202 2016 Reg.
2239 1942 2350 2010 per
2378 1942 2591 1987 eorum
2617 1939 2946 1985 numerum
2967 1916 3484 2010 adipiscerentur.

698 2010 792 2086 In
835 2012 969 2086 Ms.
1020 2013 1219 2090 Flor.
1265 2017 1682 2114 apifieretur:
1718 2014 1917 2090 unde
1964 2014 2213 2090 frustra
2261 2013 2579 2114 Lipfius‘,
2634 2010 3163 2086 Freinshemius
3216 2012 3485 2114 aliique

698 2130 1019 2202 tentant,
1051 2117 1454 2210 aspiceretur.
1500 2114 1784 2191 Locum
1827 2116 2028 2190 hunc
2069 2113 2551 2192 obscuravere
2603 2111 2827 2214 magis
2855 2168 2875 2200 ,
2922 2113 3136 2211 quam
3183 2112 3485 2187 illustra-

698 2234 873 2284 vere
919 2212 1183 2286 eruditi
1215 2212 1536 2312 Ryckius
1580 2222 1651 2289 δε
1686 2213 2042 2289 Ernestus.
2071 2215 2182 2288 Ut
2203 2269 2223 2300 ‚
2258 2239 2419 2313 quae
2460 2217 2606 2308 jam
2642 2211 2719 2283 in
2756 2210 2975 2285 Notis
3008 2210 3218 2309 supra
3246 2212 3485 2311 expli-

699 2309 1021 2383 cavimus
1048 2365 1068 2398 ,
1121 2311 1602 2385 inclarescant
1628 2366 1650 2398 ‚
1702 2311 2056 2411 infignem
2101 2311 2322 2382 Plinii
2345 2310 2523 2386 XVI
2554 2363 2574 2396 ‚
2608 2330 2702 2402 4,
2755 2309 2847 2382 de
2886 2309 3140 2383 civicis
3183 2311 3484 2385 coronis

689 2431 1086 2511 earumque
1136 2408 1421 2511 legibus
1489 2409 1742 2484 locum
1803 2430 2125 2484 attexere
2169 2411 2394 2506 juvat.
2460 2409 2836 2503 Glandiferi
2899 2414 3183 2480 maxime
3231 2418 3481 2509 generis

693 2504 1002 2596 robora,
1039 2511 1262 2606 quibus
1302 2513 1492 2583 honos
1525 2511 1696 2606 apud
1725 2510 2050 2583 Romanos
2089 2533 2460 2608 perpetuus.
2508 2511 2680 2579 Hinc
2721 2510 2939 2580 civicae
2975 2533 3257 2596 coronae,
3299 2512 3483 2584 mili-

694 2629 835 2681 tum
885 2612 1154 2680 virtutis
1182 2609 1422 2709 infigne
1453 2609 1864 2704 clartffimum
1889 2664 1908 2682 .
1941 2667 1959 2684 .
1986 2665 2004 2684 .
2037 2663 2057 2683 .
2109 2610 2355 2683 Cedunt
2406 2612 2504 2680 his
2533 2607 2809 2679 murales
2841 2660 2863 2694 ‚
2909 2607 3350 2706 vallaresque,
3404 2611 3483 2683 ἔν’

693 2732 949 2793 aurea,
995 2732 1360 2806 quanquam
1391 2714 1602 2802 pretio
1629 2711 2081 2782 antecedentes.
2123 2710 2376 2782 Cedunt
2425 2710 2501 2779 ἔπ’
2538 2705 2869 2802 rostratoe.
2904 2759 2921 2777 .
2951 2713 2969 2778 .'
3003 2706 3309 2781 Corona
3360 2712 3482 2781 Ci-

692 2811 845 2879 vica
895 2809 1107 2905 iligna
1129 2811 1341 2901 primo
1356 2805 1542 2901 fuit,
1566 2805 1783 2901 postea
1824 2812 2031 2904 magis
2052 2809 2307 2899 placuit
2338 2831 2424 2877 ex
2457 2808 2656 2900 efiulo
2681 2810 2835 2881 Iovi
2849 2804 3072 2898 sacrci.
3103 2808 3484 2880 Variatum-

689 2930 815 3005 que
848 2906 927 2980 &⁹
969 2932 1111 2979 cum
1152 2932 1380 3005 quercu
1414 2902 1537 3002 est,
1581 2932 1656 2976 ac
1700 2906 1858 2977 data
1904 2907 2174 3003 ubique,
2227 2929 2364 3003 quae
2387 2903 2619 2999 fuerat
2645 2961 2664 2989 ,
2712 2900 3018 2997 custodito
3068 2908 3320 2979 tannim
3371 2909 3483 2980 ho-

689 3030 847 3082 nore
866 3007 1152 3106 glandis.
1193 3006 1454 3079 Additae
1502 3007 1665 3106 leges
1714 3006 1909 3079 arfiae
1930 3058 1953 3095 ,
1994 3006 2068 3077 fir
2105 3004 2243 3077 ideo
2269 3003 2603 3102 superba,
2640 3002 3241 3101 quasqueconfirre
3286 3006 3486 3081 libeat

693 3133 835 3177 cum
884 3108 1009 3180 illd
1044 3108 1411 3180 Graecorum
1434 3104 1733 3201 summd,
1776 3132 1912 3204 quae
1952 3105 2077 3201 sub
2112 3104 2241 3206 ipso
2279 3104 2439 3177 Jove
2472 3103 2708 3189 datur,
2754 3106 2973 3198 cuique
3016 3128 3227 3175 muros
3253 3112 3482 3197 patria

689 3208 976 3305 gaudens
1011 3212 1276 3302 rumpit.
1322 3209 1545 3280 Civem
1557 3207 1824 3301 servare
1845 3259 1869 3293 ,
1902 3203 2135 3300 hostem
2169 3204 2493 3279 occidere:
2542 3223 2731 3300 utque
2780 3226 2922 3273 eum
2950 3202 3193 3290 locum,
3242 3206 3310 3273 in
3350 3230 3479 3301 quo

672 3305 1000 3403 sitacium
1022 3361 1045 3395 ,
1075 3305 1266 3404 hostis
1297 3309 1579 3380 obtineat
1605 3332 1672 3380 eo
1700 3306 1821 3383 die.
1853 3312 1943 3380 Ut
1939 3306 2246 3402 servatus
2263 3304 2573 3403 fateatur
2596 3329 2627 3373 .·
2656 3300 2829 3373 alids
2859 3297 3036 3396 testes
3063 3303 3157 3371 nil
3182 3302 3473 3398 prosunt.

696 3406 785 3478 Ut
812 3412 970 3480 civis
983 3409 1197 3503 fuerit
1217 3437 1246 3478 .·
1292 3409 1612 3494 Auxilia,
1641 3411 1934 3506 quamvis
1971 3432 2115 3505 rege
2142 3406 2414 3500 ftrvato
2439 3463 2458 3490 ,
2483 3401 2668 3476 decus
2698 3400 2766 3474 id
2793 3425 2920 3472 non
2953 3400 3134 3473 dant.
3154 3404 3287 3474 Nec
3321 3404 3481 3497 erest

693 3510 785 3577 cit
810 3508 1000 3578 honos
1034 3506 1201 3580 idem
1228 3511 1609 3602 imperatore
1649 3506 2013 3602 conservato
2037 3534 2066 3577 .·
2099 3510 2401 3605 quoniam
2430 3504 2784 3576 conditores
2815 3504 2885 3573 in
2917 3523 3300 3600 quocumque
3335 3507 3475 3575 cive

676 3602 1004 3698 summurn
1030 3606 1141 3702 ff
1162 3608 1441 3680 voluere.
1479 3607 1761 3703 Acceptd
1788 3609 1935 3679 licet
1963 3609 2061 3676 uti
2082 3610 2412 3701 perpetuo.
2433 3604 2648 3676 Ludos
2677 3604 2921 3674 ineunti
2931 3601 3183 3694 semper
3213 3601 3477 3699 affingi,

700 3707 896 3775 etiam
940 3706 1020 3776 ab
1042 3708 1319 3801 sinatis,
1365 3710 1433 3778 in
1463 3731 1635 3777 more
1665 3704 1774 3803 est.
1809 3706 2077 3780 Sedendi
2088 3712 2207 3804 jus
2248 3711 2318 3778 in
2346 3708 2647 3798 proximo
2675 3701 2960 3797 stnatui.
3014 3707 3281 3773 Vacatio
3334 3728 3475 3773 mu-

692 3827 921 3876 nerum
958 3811 1239 3878 omnium
1287 3803 1445 3903 ipsi,
1496 3810 1844 3904 patrique,
1885 3807 1964 3879 &¹
2019 3831 2144 3878 avo
2186 3827 2484 3900 paterno.
2535 3799 3037 3892 Quatuordecim
3080 3826 3184 3871 eas
3233 3806 3473 3897 accepit

693 3904 934 3977 Siccius
979 3907 1303 3978 Dentatus
1330 3965 1349 3992 ,
1396 3927 1469 3977 ut
1507 3906 1842 3978 retulimus
1874 3910 1996 4003 suo
2048 3908 2230 3977 loco:
2260 3903 2389 4002 sex
2432 3903 2858 3998 Capitolinus.
2898 3902 2961 3970 Is
3006 3900 3258 3996 quidem
3289 3901 3363 3973 ἓν
3396 3900 3479 3973 de

694 4003 849 4075 duce
888 4005 1185 4081 Servilio.
1230 4006 1588 4100 Africanus
1636 4004 1712 4078 de
1754 4028 1946 4101 patre
2002 4010 2279 4099 accipere
2331 4005 2544 4075 noluit
2593 4001 2763 4097 apud
2814 3999 3128 4072 Trebiam.
3171 4000 3233 4071 Ο
3270 4026 3471 4072 mores

696 4126 1006 4191 aternos,
1043 4110 1151 4201 qui
1199 4127 1387 4178 tanta
1426 4130 1614 4201 opera
1668 4109 1896 4178 honore
1911 4105 2058 4201 fhlo
2109 4105 2545 4178 donaverint:
2583 4103 2659 4175 ὃ·
2695 4103 2836 4173 cum
2886 4101 3168 4198 reliquas
3208 4124 3469 4171 coronas

693 4226 854 4273 auro
878 4203 1384 4276 commendarent
1407 4260 1427 4292 ,
1442 4207 1728 4300 salutem
1779 4208 1938 4277 civis
1968 4210 2039 4277 in
2053 4210 2264 4300 pretio
2301 4205 2409 4377 &ge
2451 4204 2817 4274 noluerint:
2861 4201 3032 4273 clare
3057 4198 3312 4295 proseffi
3335 4252 3355 4285 ,
3394 4224 3472 4271 ne

680 4301 939 4397 firvari
960 4303 1210 4397 quidem
1240 4303 1553 4374 hominem
1570 4304 1825 4475 fasjffi:
1861 4307 2025 4377 lucri
2055 4305 2287 4379 causd!
2388 4303 2591 4377 ufum
2622 4300 2979 4375 Helvium
2999 4354 3019 4385 ‚
3051 4296 3463 4397 gregarium

693 4396 1006 4473 militem
1030 4454 1053 4488 ‚
1103 4398 1342 4473 civica
1378 4404 1659 4474 corona
1748 4426 2050 4477 onatum
2078 4403 2393 4480 vidimus
2418 4403 2629 4502 supra
2662 4398 2919 4471 Annal.
2947 4396 3100 4483 111,
3147 4419 3276 4468 21.

803 4495 967 4575 Dm
1012 4522 1440 4588 Noc-roone
1477 4506 1515 4591 ]
1554 4498 1709 4573 ΜΠ.
1736 4502 1946 4577 Harl.
1983 4503 2201 4578 Bodl.
2239 4501 2377 4578 Jes.
2408 4509 2480 4578 δι
2510 4497 2961 4576 Puteolanus
2984 4548 3009 4583 ‚
3043 4495 3167 4567 die.

770 4648 780 4659 ’
805 4699 1019 4773 CAP.
1054 4700 1263 4776 xm.
1295 4701 1833 4795 Amnenm]
1863 4698 2182 4775 Pichena
2202 4726 2242 4776 e
2261 4702 2391 4774 ms.
2417 4701 2615 4774 mor.
2646 4701 2739 4775 In
2761 4697 2913 4773 ΜΠ.
2934 4696 3105 4795 Agr.
3132 4694 3362 4770 εστι).
3392 4700 3463 4770 ec

695 4795 1027 4873 editione
1065 4802 1396 4906 principe
1420 4856 1444 4892 ,
1498 4801 1582 4876 ad
1598 4826 1911 4900 pugnam.
1966 4798 2126 4874 ΜΠ.
2155 4799 2366 4875 Harl.
2411 4799 2632 4875 Bodl.
2672 4799 2815 4876 Jes.
2867 4804 2937 4873 δε
2972 4795 3413 4873 Puteolanus
3437 4849 3464 4887 ‚

693 4924 1079 4998 oppugnare.
