4975 6149
1420 345 1538 441 98
1866 336 1967 422 c,
2085 330 2945 421 CORNELII
3051 329 3682 419 TACITI

1146 523 1376 574 Β
1427 499 1754 584 deceret
1826 499 2291 613 Principem
2316 556 2345 601 ‚
2405 492 2872 608 eloquentia
2931 493 3111 580 fuit.
3164 493 3538 580 Tiberius
3589 519 3841 578 artem
3884 524 4208 610 quoque

1147 608 1375 763 *ἐπ’
1430 623 1777 710 callebat
1806 637 1828 672 ¹
1862 685 1891 729 ,
1919 623 2073 735 qua
2123 622 2367 709 verba
2425 624 2969 738 expenderet,
3017 647 3195 706 tum
3244 619 3557 706 validus
3618 619 3964 707 sensibus
3993 682 4021 725 ,
4071 652 4211 709 aut

1184 717 1342 862 „ogs
1437 751 1812 838 consulte>
1867 751 2316 863 ambiguus.
2382 748 2649 833 Etiam
2704 750 2801 832 C.
2860 747 3190 834 Caesaris
3237 747 3555 832 turbata
3598 776 3825 832 mens
3871 751 4040 832 vim
4090 751 4211 834 di-

1217 918 1322 980 54-
1438 880 1676 965 cendi
1705 888 1734 924 ²
1775 910 1944 964 non
1984 880 2374 992 corrupit.
2402 880 2493 961 N
2498 906 2596 963 ec
2621 880 2706 960 in
2753 872 3106 959 Claudio
3142 885 3164 933 ³
3191 933 3221 977 ‚
3254 877 3628 984 quotiens
3657 874 4040 959 meditata
4064 876 4212 959 dis-

1433 1006 1767 1110 sereret,
1814 1003 2298 1116 elegantiam
2346 1008 2815 1112 requireres.
2862 1004 3095 1086 Nero
3135 999 3575 1115 puerilibus
3627 1003 3886 1085 statim
3939 1004 4165 1086 annis
4179 1062 4209 1106 ‚
4326 1010 4375 1091 5

1430 1132 1800 1216 vividum
1847 1134 2201 1216 animum
2260 1133 2344 1213 in
2393 1127 2549 1213 alia
2589 1127 2946 1213 detorsit.
2987 1124 3291 1211 Caelare
3314 1186 3342 1229 ,
3395 1130 3729 1242 pingere
3769 1139 3809 1188 4
3835 1188 3863 1231 ,
3925 1154 4210 1213 cantus

1435 1284 1574 1343 aut
1608 1261 1971 1372 regimen
2014 1286 2407 1369 equorum
2445 1283 2865 1339 exercere:
2902 1261 2984 1336 ὅ(
3013 1251 3446 1364 aliquando
3479 1253 3962 1340 carminibus
4011 1286 4215 1370 pan-

1430 1377 1720 1498 gendis
1744 1375 1780 1488 ,’
1827 1384 2071 1467 iness‘e
2123 1381 2264 1464 fibi
2307 1378 2710 1466 elementa
2765 1382 3137 1466 do&rinae
3191 1380 3683 1470 ostendebat.

1557 1512 1720 1597 IV.
1793 1512 2286 1594 CETERUM
2339 1511 2669 1621 peraffls
2722 1509 3046 1593 tristitiae
3103 1509 3677 1612 imitamenti8‚
3731 1509 4036 1592 curiam
4084 1509 4213 1591 in·-
4279 1568 4288 1577 -

1432 1637 1730 1747 gressus
1757 1696 1785 1739 ,
1844 1646 1928 1721 ὅ(
1997 1669 2042 1709 t<
2072 1635 2173 1719 de
2222 1637 2690 1719 auctoritate
2760 1661 3125 1750 patrum,
3181 1644 3265 1719 ὅ(
3319 1634 3712 1721 consensu
3770 1632 4121 1718 militum
4151 1670 4196 1711 »
4279 1657 4379 1713 10

1431 1762 1838 1875 praefatus,
1883 1797 1928 1839 «
1956 1759 2285 1846 confilia
2315 1760 2457 1844 fibi
2489 1771 2571 1845 &
2599 1758 2970 1877 exempla
2986 1762 3441 1877 capessendi
3464 1761 3787 1874 egregie
3812 1763 4127 1875 imperii
4151 1796 4195 1836 »

1431 1892 1916 1974 memoravit
1968 1923 1985 1970 :
2061 1917 2284 1972 «nec
2325 1885 2744 1995 juventam
2801 1894 3039 1973 armis
3099 1886 3474 1973 civilibus
3490 1947 3517 1990 ,
3572 1916 3708 1974 aut
3760 1887 4211 1972 domesticis

1432 2016 1920 2100 »discordiis
1971 2014 2410 2098 imbutam:
2453 2013 2681 2099 nulla
2728 2017 2966 2117 odia,
3016 2011 3280 2096 nullas
3344 2009 3722 2118 injurias,
3773 2043 3929 2099 nec
3982 2015 4216 2127 cupi-

1431 2138 1794 2222 »dinem‘
1829 2139 2164 2225 ultionis
2216 2139 2521 2221 adferre
2574 2172 2662 2223 >›.
2715 2141 2935 2222 Tum
2995 2140 3341 2222 formam
3404 2139 3654 2222 futuri
3716 2140 4213 2252 principatus

1434 2264 1938 2378 praescripsit,
1982 2295 2077 2348 ea
2134 2265 2485 2349 maxime
2531 2263 2999 2368 declinans,
3037 2285 3380 2376 quorum
3432 2292 3711 2349 recens
3752 2273 3779 2329 5
3827 2262 4213 2374 flagrabat
4282 2287 4310 2340 1
4334 2282 4379 2363 5

1434 2390 1766 2475 invidia.
1831 2424 1875 2466 t<
1901 2397 2106 2478 Non
2147 2393 2365 2474 enim
2400 2390 2482 2474 se
2528 2395 3049 2505 negotiorum
3100 2392 3466 2474 omnium
3516 2386 3876 2498 judicem
3903 2390 3935 2434 ⁶
3982 2390 4155 2474 fore
4180 2449 4214 2493 ,

1435 2628 1599 2692 duxit
1619 2678 1638 2706 ,
1655 2632 1871 2713 sensum
1917 2631 2093 2694 animi
2140 2636 2301 2712 quam
2333 2633 2652 2716 apertiffimd
2684 2656 2782 2697 ex-

1428 2710 1688 2787 primere.
1742 2708 1911 2792 Quod
1949 2716 2048 2791 quo
2090 2710 2331 2787 facilius
2375 2714 2647 2795 efficeret,
2683 2735 2781 2777 aut

1435 2789 1632 2850 necubi
1664 2789 1906 2850 [efflorem
1949 2789 2037 2850 vel
2077 2790 2381 2852 auditorem
2425 2792 2779 2872 obturbaret,

1435 2887 1510 2927 ac
1544 2887 1884 2944 moraretur,
1927 2889 2096 2949 neque
2139 2870 2547 2952 praepqlitiones
2599 2872 2783 2934 verbis

2859 2634 3215 2716 comptiusque
3232 2632 3518 2714 scribendi
3560 2651 3743 2715 genus
3789 2630 3925 2692 adeo
3977 2649 4211 2694 contern-

2857 2735 3032 2789 nens,
3067 2732 3129 2774 ut
3161 2712 3434 2773 Senecam
3463 2731 3576 2773 tum
3610 2711 3849 2772 maxime
3864 2709 4205 2787 placentem,

2859 2792 3049 2854 commi
3086 2809 3242 2853 iones
3275 2809 3460 2851 meras
3497 2811 3845 2870 componere,
3885 2788 3947 2852 Cr*
3981 2810 4211 2852 arenam

2858 2873 2954 2954 effe
3016 2893 3108 2932 ine
3148 2868 3301 2931 calce
3339 2867 3564 2931 diceret.

1435 2944 1678 3022 addere,
1721 2967 1890 3027 neque
1919 2949 2322 3027 conjunb'iiones
2373 2950 2548 3027 oepius
2577 2950 2783 3013 iterare

1437 3024 1714 3087 dubitavit
1737 3073 1757 3103 ‚
1795 3046 1912 3107 quoe
1963 3024 2221 3090 detrab'loe
2277 3049 2312 3089 a
2360 3048 2523 3093 erunt
2575 3030 2782 3112 aliquid

1436 3104 1819 3184 obscuritatis,
1846 3103 1942 3185 etfi
1971 3109 2217 3187 gratiam
2235 3128 2463 3189 augent.

1445 3216 1452 3221 ’
1523 3195 1542 3224 ¹
1594 3188 1827 3248 Ani-au
1851 3206 2107 3259 QUOQUE
2127 3189 2780 3263 cALLEBATJSueton.

1438 3258 1522 3323 in·
1547 3261 1764 3326 Tiber.
1797 3266 1997 3327 LXX.
2024 3272 2189 3326 Artes
2228 3264 2484 3326 liberales
2515 3265 2784 3360 utriusque

1430 3341 1660 3420 generis
1712 3341 1975 3405 oratorii
2034 3343 2102 3405 δι
2153 3345 2390 3425 poetici
2420 3341 2646 3426 studiqfi
2682 3349 2786 3404 ime

1438 3417 1628 3479 coluit.
1672 3417 1741 3477 In
1767 3422 2013 3482 oratione
2047 3421 2229 3483 latina
2305 3442 2496 3485 ecutus
2522 3443 2551 3483 e
2690 3444 2784 3482 or-

1434 3495 1626 3558 vinum
1659 3495 1945 3577 Meffalam
1975 3543 1995 3573 ‚
2090 3522 2207 3561 uem
2281 3522 2432 3564 enem
2474 3523 2511 3563 a
2550 3501 2630 3562 ole
2655 3520 2784 3560 cens

1434 3573 1835 3666 observaverat.
1865 3575 1981 3636 Sed
2010 3599 2044 3637 a
2089 3580 2352 3642 e6iatzone
2393 3579 2454 3642 cr
2480 3578 2784 3661 morositate

1435 3654 1614 3715 mmid
1651 3653 1970 3734 obscurabat
2038 3658 2196 3738 ylum
2219 3682 2238 3717 .·
2298 3679 2358 3720 ut
2394 3659 2472 3720 ali
2508 3663 2676 3719 uantd
2715 3679 2785 3719 ex

1435 3750 1672 3821 tempore
1700 3737 1858 3813 qua'm
1882 3754 1917 3793 a
1939 3739 2072 3797 curti
2095 3758 2215 3812 prae
2260 3738 2448 3799 antior
2508 3738 2780 3799 aberetur.

1438 3809 1708 3873 Tiberi'o
1748 3809 1994 3873 exoletas
2022 3815 2168 3877 inter
2206 3837 2330 3892 um,
2372 3815 2434 3877 &e
2470 3813 2785 3877 reconditas

1435 3907 1600 3949 voces
1644 3891 1948 3965 aucupanti
2003 3895 2338 3976 Augustum
2378 3916 2535 3986 non·
2559 3915 2782 3976 peper-

1439 3964 1584 4029 ciffe
1631 3968 1880 4032 testatur
1929 3968 2100 4035 idern
2143 3974 2480 4037 Suetonius
2517 3995 2587 4036 m
2625 3978 2781 4054 Aug.

1435 4044 1787 4110 LXXXVI.

1523 4129 1545 4157 ²
1592 4131 1728 4190 Vm
1763 4130 2084 4204 menum]
2135 4132 2398 4191 Sueton.
2450 4128 2520 4190 in
2578 4128 2780 4205 Caio,

1437 4201 1608 4265 LIII.
1670 4202 1724 4263 E
1775 4204 2076 4285 disciplinis
2134 4205 2452 4268 liberalibus
2502 4207 2784 4269 minimum

1437 4281 1735 4344 eruditioni
1764 4331 1783 4359 ,
1824 4284 2138 4365 eloquentioe
2179 4285 2470 4361 plurimum
2507 4285 2781 4363 attendit,

1343 4401 1347 4404 <
1419 4363 1790 4517 Juanturnvis
1813 4361 2098 4439 facundus
2131 4363 2192 4424 Cr
2231 4383 2547 4441 promptus.-
2598 4366 2781 4446 utique

1458 4457 1481 4498 ι
1525 4440 1892 4515 perorandum
1937 4443 1995 4503 in
2037 4442 2266 4523 aliquem
2296 4444 2460 4582 hester,
2520 4445 2664 4506 irato
2715 4443 2777 4505 ὓ·

1436 4517 1608 4605 rerba
1652 4518 1713 4579 ὓ·
1752 4521 2047 4600 sententioe
2068 4522 2294 4601 stippete
2329 4543 2431 4584 ant
2466 4544 2484 4583 z
2530 4542 2779 4600 pronun-

1437 4597 1601 4655 tiatio
1633 4617 1832 4677 quoque
1874 4600 1934 4661 ὓ·
1958 4621 2100 4676 vox,
2143 4620 2205 4662 ut
2240 4621 2410 4683 neque
2464 4602 2645 4663 eodem
2674 4601 2777 4663 loci

1431 4688 1553 4745 proe
1601 4673 1794 4736 ardore
1835 4678 2133 4760 consisteret
2167 4728 2186 4756 ,
2245 4680 2306 4741 ὓ·
2351 4680 2709 4743 exaudimur
2742 4703 2778 4742 a

1477 4748 1626 4807 rocul
1646 4750 1945 4842 stantibus.
1979 4757 2347 4819 peroraturus
2457 4761 2684 4823 ibiurum
2712 4762 2779 4840 se

1530 4825 1966 4913 ubrationisfiiae
1995 4835 2160 4898 telum
2198 4839 2348 4902 mina
2388 4857 2517 4901 atur
2542 4866 2562 4902 .·
2599 4839 2779 4903 lenius

2939 2962 2959 3005 3
3008 2954 3076 3013 Iu
3108 2954 3473 3028 CLAumo]
3533 2953 3742 3026 Quem
3778 2967 3984 3029 neque
4037 2944 4211 3036 infa-

2858 3031 3137 3094 cundum
3151 3077 3170 3105 ,
3190 3049 3397 3111 neque
3422 3027 3745 3092 indoctum
3760 3074 3779 3103 ‚
3797 3027 3997 3090 immo
4016 3040 4209 3089 etiam

2859 3109 3261 3189 pertinaciter
3335 3107 3697 3171 liberalibus
3758 3105 3968 3167 studiis
4025 3104 4209 3167 dedi-

2859 3204 2995 3250 tum
3032 3188 3209 3251 fuiffe
3253 3187 3447 3250 tradit
3484 3183 3821 3249 Suetonius
3869 3184 3938 3244 in
3983 3182 4210 3245 Claud.

2861 3268 2999 3328 XL.
3045 3269 3191 3329 Haec
3291 3266 3503 3328 uidem
3575 3264 3653 3325 de
3714 3260 4024 3324 Caesarum
4074 3261 4210 3323 elo-

2861 3345 3119 3424 quentia
3148 3345 3252 3407 col
3282 3344 3464 3423 egifl'e
3497 3340 3661 3404 haud
3691 3339 3899 3420 piget,
3924 3354 3996 3402 ut
4063 3343 4209 3427 uam

2860 3423 3071 3485 valida
3125 3420 3198 3484 fit
3256 3424 3438 3485 rebus
3501 3416 3927 3500 exprimendis
4054 3417 4208 3481 aciti

2859 3501 3135 3564 brevitas
3176 3516 3405 3578 pateat.
4093 3572 4107 3585 ⁶

2937 3589 2971 3629 4
3012 3580 3293 3642 Cartana
3317 3625 3336 3653 ,
3371 3580 3695 3655 mucan]
3734 3577 3832 3640 De
3862 3575 3959 3638 his
3983 3572 4209 3636 levius-

2861 3656 3018 3720 culis
3057 3654 3438 3736 disciplinis,
3522 3677 3614 3719 uoe
3643 3656 3755 3717 vix
3797 3652 4088 3719 nobilem
4107 3653 4211 3730 ju-

2861 3754 3092 3799 venem
3123 3779 3144 3810 ,
3191 3735 3427 3799 nedum
3535 3734 3840 3813 rincipem
3866 3779 3885 3805 ,
3935 3732 4163 3793 decent
4186 3777 4209 3805 ‚

2862 3815 3011 3877 vide
3050 3815 3425 3878 Suetonium
3461 3814 3528 3875 in
3570 3812 3882 3875 Ner.·XX
3925 3811 3995 3872 δε
4037 3810 4207 3871 LIII.

2862 3897 2998 3957 Nec
3018 3910 3228 3957 tamen
3250 3891 3645 3973 gravioribus
3673 3889 3883 3950 studiis
3907 3885 4209 3951 inhabilis

2863 3987 2994 4035 erat
3035 3974 3234 4034 Nero.
3282 3970 3400 4033 Sed
3442 3991 3477 4030 a
3505 3966 3836 4048 philosophia
3877 3986 3996 4026 eum
4031 3983 4209 4027 mater

2866 4051 3073 4111 avertit
3097 4070 3123 4122 ;
3166 4069 3428 4124 monens,
3476 4048 3807 4125 imperaturo
3866 4045 4207 4107 contrariam

2862 4129 2994 4210 effe.-
3027 4147 3065 4187 a
3106 4129 3416 4210 cognitione
3450 4145 3693 4189 veterum
3725 4142 4000 4186 oratorum
4026 4123 4205 4185 Sene-

2863 4228 2930 4267 ca
2966 4225 3304 4285 proeceptor,
3343 4211 3442 4289 qud
3489 4204 3699 4266 diutius
3727 4204 3787 4266 in
3840 4201 4210 4264 admiratione

2844 4286 2941 4367 fiii
2980 4284 3249 4347 detineret
3269 4334 3288 4361 ‚
3312 4291 3573 4350 Sueton.
3610 4284 3679 4346 in
3705 4286 3859 4347 Ner.
3890 4285 4034 4343 LII.
4061 4284 4206 4343 Haec

2907 4366 3197 4430 uomodo
3228 4367 3299 4431 8(
3322 4364 3446 4447 quii
3474 4363 3747 4428 utilitate
3769 4359 4055 4447 versibus·
4070 4359 4206 4420 red-

2902 4445 3090 4509 iderit
3122 4444 3224 4507 CI.
3275 4445 3510 4508 Racine
3529 4489 3547 4518 ‚
3585 4442 3735 4504 vide
3781 4441 3850 4502 in
3898 4440 4087 4499 Notis
4132 4436 4203 4499 δε

2855 4523 3422 4588 Emendationibus
3448 4523 3529 4585 ad
3571 4519 3797 4582 Annal.
3823 4517 3969 4578 XIII
3989 4559 4015 4602 ‚⁴
4052 4534 4109 4589 3.

2938 4614 2957 4660 5
3009 4605 3369 4681 Quonuu
3408 4625 3449 4664 a
3470 4601 3759 4673 acuns]
3792 4597 4202 4672 Imperitante

2857 4684 3459 4823 Cigulfillnzorronuu
3525 4771 3790 4815 ousion
3846 4751 4200 4827 Jumctu]

2854 4840 3000 4904 Hac
3016 4884 3040 4917 ‚
3070 4852 3403 4917 ceteraque
3436 4845 3809 4913 peccaverat
3843 4826 4166 4892 Claudius.
