4975 6149
1565 505 1741 583 392
1937 468 2391 558 No‘rAE
2468 463 2643 552 ET
2715 459 3942 551 EMENDATIONES

1560 631 1702 704 bere
1749 629 2227 722 intelliguntur.
2267 620 2375 696 Ea
2417 620 2558 697 fuit
2596 647 2775 738 ergo
2823 618 3216 697 Claudiani
3275 620 3878 697 senatusconsulti
3950 619 4294 699 severitas
4334 673 4369 714 ,

1564 752 1648 804 ut
1684 726 1997 813 femina,
2048 748 2210 836 quae
2253 722 2325 798 se
2377 748 2541 797 cum
2601 722 2849 798 aheno
2898 723 3115 798 servo
3145 778 3166 812 ,
3210 722 3469 824 ignaro
3530 725 3682 822 ejus
3730 721 4041 798 domino
4077 780 4100 815 ,
4166 750 4372 800 con-—

1561 834 1894 930 junxerat
1922 880 1940 912 ,
1993 820 2040 899 fi
2082 822 2161 896 td
2209 822 2504 898 resciret
2557 822 2894 899 dominus
2924 879 2943 909 ,
2986 829 3055 897 ὅ(
3107 822 3404 920 praetori
3456 820 3970 910 denuntiaret,
4018 825 4094 895 in
4140 824 4372 900 servi-

1567 950 1798 1003 tutem
1838 923 2286 1025 redigeretur
2316 979 2336 1012 ,
2393 929 2464 998 δι
2514 922 2721 996 fieret
2758 921 3041 996 domini
3087 920 3375 993 ancilla.
3427 920 3618 1013 Quae
3677 919 3937 992 Paulus
3975 976 3995 1009 ,
4045 917 4209 994 libr.
4255 923 4360 999 II.

1558 1026 1710 1103 Tit.
1764 1051 1892 1102 21.
1943 1025 2015 1095 de
2065 1025 2435 1095 mulieribus
2465 1076 2484 1105 ‚
2545 1049 2681 1119 quae
2722 1028 2857 1095 &c.
2907 1020 3015 1093 vel
3060 1020 3144 1091 ad
3171 1020 3789 1117 senatusconsultum
3841 1020 4275 1095 Claudianum
4327 1078 4362 1111 ,

1555 1130 1743 1228 Leg.
1801 1151 1866 1203 1.
1916 1120 2276 1222 explicate
2315 1118 2713 1221 fignificat:
2759 1123 2829 1192 Si
2875 1120 3105 1191 mulier
3151 1124 3431 1218 ingenua
3458 1179 3478 1206 ,
3528 1119 3801 1219 civisque
3855 1121 4152 1194 Romana
4184 1184 4203 1210 ,
4247 1125 4356 1202 vel

1562 1230 1808 1301 Latina
1836 1280 1857 1314 ,
1909 1227 2117 1298 alieno
2151 1224 2223 1319 se
2260 1224 2450 1318 servo
2499 1225 2955 1319 conjunxerit,
2980 1220 3053 1317 fi
3092 1221 3346 1318 quidem
3389 1224 3599 1293 invito
3648 1222 3724 1293 ξπ·
3772 1219 4183 1294 denuntiante
4235 1224 4351 1297 do·-

1561 1335 1734 1401 mino
1784 1334 1851 1397 in
1886 1325 2092 1396 eodem
2130 1323 2535 1394 contubernio
2579 1323 3083 1418 perseveraverit
3107 1379 3125 1407 ,
3155 1318 3432 1417 efficitur
3475 1320 3749 1393 ancilla.
3791 1317 4038 1394 Plures
4078 1321 4214 1396 hac
4255 1323 4354 1399 de

1563 1454 1643 1502 re
1694 1426 1892 1527 leges
1941 1422 2218 1497 ibidem
2271 1420 2469 1495 vide.
2514 1419 2590 1494 Si
2639 1442 2882 1496 autem
2934 1418 3383 1495 consentiret
3434 1418 3773 1494 dominus
3802 1477 3823 1510 ,
3873 1441 4051 1495 tunc
4109 1424 4353 1499 minor

1567 1548 1722 1604 erat
1758 1549 2031 1626 poena3
2084 1521 2352 1616 femina
2396 1546 2535 1634 pro
2569 1521 2832 1596 liberta
2898 1520 3302 1596 habebatur
3332 1577 3354 1610 ‚
3401 1521 3794 1622 omniaque
3856 1518 4353 1598 libertinitatis

1564 1651 1795 1703 onera
1830 1623 2133 1697 subibat.
2183 1622 2256 1694 Si
2290 1647 2449 1723 qurs
2493 1624 2669 1698 vero
2700 1623 2912 1722 hujus
2947 1621 3129 1724 legis
3171 1621 3629 1698 severitatem
3674 1621 3971 1695 miretur
4000 1675 4018 1707 ‚
4068 1624 4350 1726 cogitet

1562 1728 1991 1802 feminarum
2050 1722 2334 1796 illarum
2381 1722 2958 1820 turpitudinem,
3010 1748 3227 1824 quam
3277 1742 3489 1797 notat
3547 1721 3701 1821 ipse
3766 1721 4193 1814 Petronius,
4264 1724 4345 1799 in

1561 1825 1865 1926 SatyriC.
1948 1824 2260 1914 Quaedam
2317 1821 2585 1919 flemina:
2629 1825 2926 1919 sbrdibus
2973 1827 3183 1897 calent
3214 1885 3233 1911 ,
3284 1850 3391 1898 nec
3439 1825 3765 1896 libidinem
3817 1829 4173 1911 concitant,
4227 1824 4353 1922 rufi

1561 1949 1681 2001 aut
1711 1930 1933 2023 servos
1975 1924 2259 1996 viderint
2287 1976 2308 2010 ,
2356 1947 2473 1995 aut
2509 1920 2788 2018 statores
2837 1925 3036 1997 altius
3090 1926 3344 1998 cinfios.
3392 1933 3617 1998 Arena
3680 1926 3933 2023 aliquas
3993 1924 4275 2003 accendit
4322 1938 4345 2012 ,“

1560 2050 1678 2100 aut
1717 2025 2007 2119 perfusus
2040 2025 2306 2117 pulvere
2350 2024 2547 2094 mulio
2575 2083 2592 2108 ‚
2649 2049 2767 2097 aut
2814 2023 3034 2122 histrio
3065 2086 3081 2112 ,
3117 2026 3321 2122 scenae
3372 2024 3780 2119 ostentatione
3835 2024 4183 2097 traducitis.
4244 2027 4353 2101 Ex

1564 2127 1706 2204 hac
1732 2121 2028 2198 infamia
2055 2179 2075 2212 ,
2115 2119 2857 2221 &manuscr-iptorum
2885 2124 3230 2200 codicum
3269 2123 3821 2213 auctoritatede
3879 2124 3944 2197 is
3982 2148 4073 2197 ue
4096 2123 4350 2198 neces-

1564 2225 1766 2300 fitate
1814 2244 2016 2324 patet
2058 2221 2366 2297 omnino
2411 2221 2975 2322 improbabilem
3026 2224 3162 2298 effe
3211 2228 3693 2322 conjesturam
3761 2152 3874 2300 Cf.
3933 2152 4279 2299 &ravinae
4328 2277 4365 2314 r

1568 2328 1832 2416 Origin.
1879 2325 2056 2396 Iuris
2102 2325 2301 2396 Civil.
2351 2347 2517 2423 pag.
2545 2348 2727 2419 543.
2770 2322 2894 2424 qui
2942 2322 3166 2398 verba
3208 2323 3336 2396 illa
3357 2351 3476 2418 pro
3516 2322 3751 2397 liberta
3792 2326 4127 2397 haberetur
4150 2380 4174 2413 ,
4225 2345 4350 2398 aut

1621 2423 1818 2500 otius
1846 2479 1866 2511 ,
1911 2444 1993 2497 ut
2044 2423 2121 2495 in
2180 2420 2756 2520 corruptioribus
2801 2421 3004 2497 libris
3070 2422 3390 2524 legitur,
3436 2450 3555 2519 pro
3608 2424 3852 2497 libertis
3901 2426 4284 2497 haberentur
4328 2475 4356 2514 ,

1562 2452 1715 2599 sevi
1744 2581 1763 2612 ‚
1816 2544 1897 2596 ut
1936 2521 2223 2596 rebatur
2254 2578 2274 2611 ,
2324 2522 2772 2611 mutatione,
2823 2522 2900 2595 in
2937 2551 3058 2619 pro
3090 2526 3302 2599 liberis
3358 2528 3739 2598 haberentur
3778 2522 4361 2600 transformabat.

1564 2621 2116 2697 Saluberrimam
2142 2622 2381 2723 legem
2411 2620 2688 2696 sustulit
2712 2622 3142 2699 Justinianus
3175 2652 3193 2699 ε
3243 2624 3409 2699 suos
3431 2624 3506 2697 in
3539 2624 3699 2698 usus
3742 2626 4028 2697 vertere
4064 2646 4355 2698 veteres

1562 2722 1872 2799 Franci:
1921 2719 2118 2795 unde
2159 2721 2235 2792 in
2282 2720 2385 2796 Le
2440 2720 2598 2797 ibus
2642 2722 2893 2798 Salicis
2921 2780 2942 2814 ,
2990 2750 3154 2825 cap.
3192 2723 3455 2799 XXIX.
3499 2723 3675 2825 Leg.
3732 2746 3794 2822 5.
3840 2724 3911 2794 Si
3957 2727 4094 2822 quis
4148 2727 4352 2798 Fran-

1561 2852 1670 2897 cus
1697 2826 1976 2895 alienam
2005 2824 2310 2894 ancillam
2314 2820 2383 2919 fi
2425 2828 2448 2893 i
2466 2824 2719 2918 publice
2725 2830 3032 2922 junxerit
3055 2886 3074 2912 ‚
3107 2826 3232 2921 ipse
3263 2851 3402 2896 cum
3438 2825 3513 2898 ed
3535 2830 3601 2896 in
3621 2825 3940 2921 servitute
3956 2849 4348 2918 permaneat.

1656 2921 1920 3001 Fixum
1970 2945 2108 2996 Es‘r
2168 2946 2338 3016 AEurz
2395 2944 2733 3000 ruemco
2788 2930 2824 3018 ]
2885 2924 3001 2997 Ita
3042 2923 3507 2999 Puteolanus.
3572 2924 3662 2999 In
3743 2921 3895 2998 Mff.
3946 2927 4120 3023 Reg.
4170 2925 4346 3024 Agr.

1568 3029 1638 3099 δι
1689 3021 2020 3099 editione
2069 3020 2404 3122 principe
2433 3080 2453 3113 ,
2480 3024 2715 3123 fixum
2758 3022 2845 3123 est
2883 3026 3157 3121 publice.
3207 3026 3297 3102 In
3358 3026 3492 3104 Ms.
3537 3023 3736 3101 Flor.
3781 3024 4041 3103 lacuna
4074 3021 4180 3097 ,est
4227 3048 4367 3099 an-·

1568 3144 1646 3198 te
1681 3126 1963 3221 publico.
2013 3123 2373 3211 Alia‚sed
2421 3125 2719 3226 antiqua
2748 3181 2768 3214 ,
2819 3151 3069 3199 manus
3100 3124 3473 3227 supplevit
3523 3155 3665 3204 aere.
3710 3123 4018 3198 Minime
4066 3123 4352 3199 audien-

1569 3223 1703 3300 dus
1756 3223 1874 3299 Cl.
1918 3222 2254 3298 Ernestus
2285 3280 2305 3313 ,
2353 3223 2478 3326 qui
2542 3224 2861 3324 suspefia
2891 3225 3117 3301 habet
3140 3231 3370 3325 fixum
3404 3227 3492 3324 est
3519 3255 3640 3301 cere
3667 3228 3917 3320 publico
3950 3282 3968 3312 ,
4009 3229 4079 3299 δε
4114 3237 4357 3301 emen·¹

1565 3324 1730 3411 dat,
1763 3323 1995 3421 fixum
2048 3323 2134 3421 est
2159 3326 2314 3421 foro
2359 3328 2452 3396 D.
2502 3325 2668 3398 Iulii
2721 3329 2880 3422 Caes.
2929 3326 3192 3427 Liquet
3261 3353 3349 3402 ex
3399 3327 3554 3427 ipsa
3614 3325 3833 3401 Plinii
3901 3321 4137 3414 VIII,
4220 3334 4269 3400 6
4326 3378 4355 3416 ,

1565 3422 1873 3523 epistola
1895 3482 1916 3514 ,
1955 3449 2170 3524 quam
2205 3421 2451 3498 laudat
2477 3480 2500 3513 ,
2538 3424 2895 3525 optimam
2932 3427 3068 3501 esse
3107 3425 3473 3529 vulgatam
3510 3426 3943 3527 scripturam.
3985 3421 4108 3498 Sic
4145 3424 4347 3500 enim

1561 3523 1719 3622 ipse
1769 3521 2087 3598 Plinius:
2133 3527 2393 3597 Placuit
2443 3527 2660 3602 AERE
2686 3525 2948 3622 fignari
2996 3555 3202 3602 omnes
3268 3532 3526 3602 honores
3569 3523 4056 3629 fastidiqfiffimi
4102 3531 4352 3598 manci-

1555 3629 1821 3718 pii....
1868 3628 2074 3717 Incisa
2122 3626 2196 3697 ἔπ’
2246 3626 2560 3722 insi-ulpta
2590 3624 2752 3720 sunt
2802 3627 3218 3704 PUBLICIS
3256 3629 3623 3729 aternisque
3669 3628 4068 3701 monimentis
4115 3649 4348 3722 praeto-

1565 3728 1669 3796 ria
1699 3722 2038 3797 Pallantis
2073 3749 2100 3812 3
2127 3724 2268 3822 sic,
2321 3724 2766 3826 quafifoedera
2805 3734 3083 3830 ,antiqua
3112 3756 3143 3818 ,-
3174 3729 3277 3829 stc
3312 3782 3333 3818 ,
3386 3729 3567 3830 quast
3592 3732 3797 3828 fitcrae
3853 3730 4047 3825 leges.

1666 3927 1879 4002 CAP.
1932 3927 2128 4002 LIV.
2175 3927 2338 4006 JAM
2390 3952 2698 4010 enlm-:m
2750 3931 3053 4011 JUDAEAE
3112 3937 3601 4024 meost-rus]
3645 3931 3821 4004 Hoc
3855 3928 3930 4002 in
3962 3929 4135 4006 loco
4166 3925 4351 4001 sum.-

1562 4049 1681 4099 ma
1725 4025 1827 4100 est
1872 4025 2267 4127 Josephum
2310 4030 2501 4105 inter
2547 4038 2617 4107 &
2659 4031 3003 4110 Taciturn
3050 4031 3400 4105 diffenfio.
3450 4029 3806 4127 Iosephus
3855 4029 4049 4106 enim
4096 4026 4350 4128 Antiq.

1564 4121 1725 4201 Jud.
1770 4125 1949 4213 XX,
2002 4134 2046 4200 6
2074 4184 2098 4217 ,
2147 4152 2198 4221 7
2229 4183 2249 4215 ,
2294 4135 2363 4203 ὃς
2405 4129 2593 4206 Bell.
2641 4130 2806 4209 Jud.
2860 4130 2935 4205 ΙΙ
2965 4185 2987 4219 ,
3056 4156 3146 4206 12
3179 4186 3201 4218 ,
3247 4129 3492 4203 scribit
3538 4129 3865 4210 Felicem
3918 4130 3993 4203 in
4040 4127 4349 4206 Judaeam

1560 4249 1717 4298 non
1757 4225 2027 4301 venisse
2054 4283 2076 4316 ,
2122 4225 2253 4301 nifi
2308 4227 2652 4304 damnato
2711 4231 3073 4304 Cumano·
3136 4230 3242 4302 At
3292 4253 3452 4332 quae
3511 4253 3749 4305 narrat
3808 4231 4109 4304 Tacitus
4161 4227 4346 4303 adei)

1563 4323 1729 4399 sunt
1777 4326 2075 4426 propria
2103 4379 2122 4409 ,
2177 4326 2277 4402 ita
2327 4333 2712 4426 conjuncta
2751 4353 2916 4402 curn
2963 4327 3276 4410 Cumani
3324 4329 3581 4422 ruina,
3630 4353 3712 4406 ut
3763 4332 3903 4406 hac
3950 4330 4029 4403 in
4086 4355 4161 4404 re
4214 4327 4349 4402 fal-

1559 4422 1712 4502 lere
1767 4452 1923 4502 non
1975 4427 2210 4526 posfit.
2264 4426 2417 4504 Hic
2460 4429 2681 4531 igitur
2731 4428 2799 4503 ei
2848 4429 3073 4532 magis
3119 4430 3612 4522 credendum,
3681 4433 3894 4534 quam
3940 4428 4110 4505 Jose
4168 4429 4272 4503 ho
4320 4479 4348 4516 ,

1558 4522 1737 4600 licet
1780 4524 2067 4602 Judaeus
2116 4526 2446 4604 Iudaicas
2499 4556 2607 4606 res
2652 4527 2939 4605 scribat.
2994 4528 3209 4612 Adde
3275 4531 3374 4605 D.
3431 4532 3732 4607 Paulum
3775 4529 4041 4605 Tacito
4120 4526 4346 4598 uffra-

1559 4626 1742 4793 gari.
1794 4629 1983 4701 Nam
2017 4627 2066 4701 si
2121 4654 2295 4704 vera
2340 4629 2511 4705 esset
2561 4631 2864 4731 Josephi
2909 4633 3228 4708 narratio
3266 4686 3285 4718 ‚
3325 4632 3567 4709 dicere
3602 4657 3756 4706 non
3791 4625 4134 4728 potuisset
4168 4626 4346 4698 Pau-

1591 4749 1716 4812 υε,
1769 4726 1937 4800 cum
1987 4726 2309 4809 Felicem
2365 4730 2860 4834 alloqueretur
2895 4788 2915 4821 ,
2964 4734 3123 4810 Aa.
3175 4732 3462 4824 XXIV,
3522 4757 3636 4806 10.
3703 4732 3816 4802 Ex
3865 4729 4087 4798 multis
4155 4731 4347 4798 annis

1558 4843 1623 4930 fe
1665 4824 1772 4917 effe
1817 4826 2090 4913 iudicem
2141 4837 2323 4928 genti
2369 4835 2517 4905 huic
2540 4835 2771 4929 sciens.
2835 4832 3139 4908 Constet
3198 4859 3373 4933 ergo
3424 4832 3830 4905 Cumanum
3889 4851 3975 4902 ac
4018 4824 4344 4908 Felicem

1553 4917 1934 5021 xmpofitos
1966 4924 2170 5001 fuiffe
2201 4927 2468 5016 Judaeae
2510 4957 2707 5020 anno
2737 4932 3036 5013 Claudii
3078 4933 3431 5037 septinm,
3474 4951 3598 5014 aut
3648 4932 3914 5008 octavo
3935 4955 3962 5023 3
4020 4927 4347 5016 Judaeam

4234 5078 4345 5157 ita
