4975 6149
854 408 1502 500 ANNALIUM
1562 402 1912 491 LIBER
1974 402 2493 498 DECIMUS
2561 413 3103 527 QUINTUS.
3221 449 3401 528 247

606 578 886 668 mortis
908 635 939 681 ,
991 576 1347 660 Statium
1394 570 1798 654 Annaeum
1820 628 1852 674 ,
1901 568 2043 655 diu
2077 568 2217 653 fibi
2247 574 2619 658 amicitiae
2657 577 2820 662 fide
2877 586 2960 663 ὅ(
3005 607 3171 667 arte
3221 612 3390 668 me·
3438 614 3672 660 Ξ

609 709 894 794 dicinae
923 700 1359 819 probatum
1383 760 1412 803 ,
1438 725 1616 783 orat
1639 697 2052 814 provisum
2081 698 2394 813 pridem
2432 731 2844 787 venenum
2877 717 2937 809 ¹,
2984 738 3148 819 quo
3172 711 3384 795 dam-
3433 692 3578 848 ³⁴3⁰·
3601 696 3668 751 0·

606 836 776 920 nati
815 828 1154 949 publico
1194 826 1811 911 Atheniensium
1840 821 2153 932 judicio
2181 829 2847 941 extinguerentur
2871 892 2900 937 ,
2928 864 3251 947 promes
3254 866 3377 923 et:
3475 789 3621 950 1.ιέ

608 960 1105 1071 allatumque
1148 955 1403 1041 hausrt
1454 954 1787 1057 frustra,
1837 952 2173 1064 frigidus
2237 950 2402 1061 jam
2453 966 2728 1041 artus²
2772 965 2860 1042 &
2916 958 3144 1048 cluso
3194 996 3381 1050 cor·
3495 993 3606 1072 65.

483 1108 486 1113 ’
499 1116 547 1195 5
608 1118 808 1206 pore
861 1087 1281 1172 adversum
1327 1085 1498 1167 vim
1569 1082 1892 1165 veneni.
1943 1081 2353 1167 Postremo
2423 1085 2789 1196 stagnum
2838 1084 3112 1172 calidae
3167 1121 3385 1203 aquae

608 1217 977 1318 introiit,
1021 1212 1491 1327 respergens
1542 1210 1957 1325 proximos
2012 1208 2426 1294 servorum
2456 1270 2485 1315 ,
2529 1208 2800 1297 addita
2840 1246 3048 1304 voce
3075 1276 3105 1322 9
3164 1251 3210 1294 «
3236 1220 3388 1302 Li-

607 1341 860 1427 »bare
899 1342 978 1424 se
1006 1337 1409 1450 liquorem
1459 1334 1696 1420 illum
1730 1337 1781 1427 J
1796 1362 1965 1422 0v1
2021 1361 2621 1424 LIBERATom
2665 1350 2688 1399 3
2723 1375 2812 1425 ».
2850 1341 3062 1427 Exin
3086 1341 3391 1430 balneo

610 1466 905 1553 inlatus
928 1528 960 1572 ,
997 1475 1080 1552 ὃ(
1124 1496 1428 1582 vapore
1461 1466 1633 1571 ejus
1678 1467 2174 1548 exanimatus
2204 1523 2232 1567 ,
2261 1465 2423 1548 fine
2453 1462 2632 1549 ullo
2661 1465 2962 1554 funeris
3002 1467 3382 1556 sollemni

457 1692 466 1701 ‚
613 1622 1035 1680 crematur.
1085 1593 1211 1676 Ita
1268 1589 1674 1702 codicillis
1726 1591 2353 1705 praescripserat,
2414 1595 2600 1677 cum
2652 1596 2895 1679 etiarn
2947 1623 3124 1681 tum
3184 1628 3384 1714 prae-
3490 1686 3499 1697 ,

459 1740 558 1804 10
612 1723 833 1808 dives
891 1730 974 1807 ὃ(
1035 1746 1533 1837 praepotens,
1569 1718 1957 1833 supremis
1998 1717 2156 1800 suis
2200 1716 2684 1803 consuleret.

730 1847 1028 1934 LXV.
1093 1850 1374 1932 FAMA
1420 1848 1625 1950 suit,
1676 1841 2057 1931 Subrium
2098 1840 2475 1929 Flavium
2532 1874 2720 1930 curn
2774 1848 3383 1937 centurionibus

610 1972 951 2061 occulto
1021 1971 1407 2078 confilio,
1476 2002 1737 2085 neque
1799 1996 2073 2056 tamen
2120 1972 2547 2082 ignorante
2602 1971 2914 2057 Seneca
2946 2032 2977 2077 ‚
3043 1975 3380 2061 destina-

606 2102 803 2186 visse
824 2160 855 2205 ,
921 2135 966 2177 <c
994 2128 1084 2183 ut
1130 2102 1302 2215 post
1355 2101 1721 2186 occisum
1765 2092 2013 2214 opera
2063 2098 2375 2184 Pisonis
2421 2100 2899 2203 Neronem,
2946 2101 3130 2185 Piso
3177 2132 3382 2213 quo-

602 2256 822 2338 »que
870 2230 1509 2333 interficeretur,
1552 2228 2155 2337 tradereturque
2199 2227 2632 2339 imperium
2683 2226 3009 2310 Senecae
3035 2286 3064 2330 ,
3112 2227 3324 2337 quafi
3345 2286 3379 2332 ‚

450 2358 484 2435 ι’
497 2380 543 2460 5
604 2355 966 2438 »insonti
1009 2355 1490 2442 claritudine
1524 2356 1916 2440 virtutum
1942 2362 2022 2457 4,
2066 2350 2167 2436 ad
2214 2350 2617 2434 summum
2669 2350 3069 2463 fastigium
3104 2349 3380 2439 delec-

602 2505 753 2563 »το
777 2515 865 2567 ».
905 2485 1136 2597 Quin
1177 2486 1261 2566 ὅ(
1294 2480 1541 2566 verba
1588 2480 1852 2567 Flavii
1891 2476 2433 2591 vulgabantur
2455 2536 2486 2582 ,
2552 2512 2607 2587 ‹c-
2638 2477 2729 2559 N
2733 2507 2842 2560 on
2887 2478 3181 2563 referre
3237 2479 3380 2564 de-

599 2607 994 2714 »decori,
1044 2610 1102 2691 s1
1151 2608 1645 2694 citharoedus
1693 2609 2266 2693 demoveretur
2296 2663 2327 2708 ,
2375 2612 2458 2689 ὅ(
2523 2603 2937 2715 tragoedus
2992 2603 3382 2692 succede-

596 2761 784 2819 »ret
816 2770 912 2818 »ε
960 2738 1197 2846 quia,
1248 2761 1340 2818 ut
1398 2739 1633 2821 Nero
1677 2732 1985 2821 cithara
2007 2793 2036 2837 ,
2091 2721 2202 2817 ita
2260 2731 2445 2816 Piso
2498 2734 2810 2844 tragico
2877 2758 3167 2817 ornatu
3237 2764 3379 2820 ca-

595 2858 866 2944 nebat.
1845 2862 1846 2865 ‘
2668 2966 2671 2971 ᾖ

422 3011 535 3069 ao
723 2984 1069 3072 LXVI.
1136 2985 1615 3069 CETERuM
1659 2982 2028 3073 militaris
2067 3014 2393 3100 quoque
2430 2985 2928 3102 conspiratio
2964 3014 3133 3069 non
3152 2980 3369 3070 ultra

592 3109 945 3217 fefellit,
1005 3114 1356 3198 accensis
1420 3111 1825 3198 indicibus
1881 3115 1979 3198 ad
2042 3113 2552 3230 prodendum
2602 3117 2670 3200 F
2674 3116 2946 3199 enium
2998 3112 3369 3216 Rufum,

592 3268 832 3349 quem
893 3240 1271 3325 eumdem
1327 3241 1747 3326 conscium
1773 3301 1806 3345 ,
1857 3247 1941 3326 &
1992 3241 2593 3352 inquisitorem,
2646 3271 2817 3325 non
2886 3236 3368 3325 tolerabant.

588 3361 812 3479 Ergo
848 3363 1226 3471 instanti,
1285 3369 1855 3480 minitantique
1891 3369 2265 3455 renidens
2306 3373 2701 3457 Scevinus
2723 3429 2752 3474 ,
2803 3402 2849 3446 (ι
2874 3367 3282 3452 neminem
3306 3400 3356 3443 2>

592 3492 704 3576 ait
777 3527 823 3570 (ε
864 3490 1091 3609 plura
1158 3494 1358 3580 scire
1406 3493 1644 3607 quam
1696 3497 1959 3612 ipsum
2000 3532 2088 3583 n.
2148 3498 2708 3607 Hortaturque
2762 3491 2979 3579 ultro
3008 3552 3037 3597 ,
3102 3526 3148 3568 «
3188 3491 3372 3578 red-

417 3639 538 3721 25
591 3618 878 3705 »deret
929 3647 1096 3704 tam
1150 3617 1374 3703 bono
1441 3622 1803 3738 Principi
1851 3626 2117 3708 vicem
2165 3657 2251 3707 ³2.
2309 3628 2512 3708 Non
2572 3652 2742 3708 vox
2802 3622 3219 3707 adversum
3272 3649 3365 3704 ea

587 3748 658 3833 F
661 3749 849 3832 enio
877 3807 903 3851 ,
961 3776 1129 3831 non
1171 3743 1628 3844 filentium3
1666 3748 1804 3831 sed
1844 3748 2091 3833 verba
2136 3748 2272 3831 sua
2313 3750 2805 3864 praepediens
2831 3809 2857 3853 ,
2912 3757 2995 3834 ὃς
3046 3749 3367 3866 pavoris

538 3878 541 3881 ’
588 3874 1042 3960 manifestus
1067 3934 1095 3979 ,
1132 3873 1577 3986 ceterisque
1600 3933 1629 3979 ,
1662 3904 1759 3959 ac
1787 3874 2140 3959 maxime
2181 3875 2572 3960 Cervario
2607 3872 2964 3962 Proculo
2992 3933 3021 3979 ,
3054 3876 3367 3984 equite,

586 4001 692 4087 ad
766 4003 1424 4088 convincendum
1472 4033 1662 4089 eum
1713 4002 2059 4090 connifis
2080 4068 2111 4109 ,
2149 3999 2355 4112 jussu
2405 4002 2924 4119 Imperatoris
2992 4033 3036 4087 a
3082 4000 3370 4087 Cassio

667 4241 688 4272 ²
735 4233 1080 4296 Pnovxsuu
1127 4254 1377 4298 rumen
1421 4237 1786 4312 venenum]
1827 4233 1935 4298 Ci-
2012 4235 2276 4315 ὅφιίλομεν
2323 4243 2491 4299 ἅλω-
2519 4237 2660 4298 υέηι·
2713 4232 2841 4295 ἁλὶ
2874 4231 3143 4303 civemn,
3223 4237 3242 4260 ⁸
3292 4227 3372 4305 μὶ

583 4328 794 4377 cutam
816 4356 836 4386 ‚
872 4311 949 4373 de
979 4308 1101 4389 qua
1124 4309 1358 4376 Plinius
1393 4316 1746 4391 XXV,‚13.
1769 4313 1952 4374 Cicu?
2011 4321 2323 4393 ἇμελῆσ-ητε.
2385 4315 2467 4378 AE
2491 4311 2705 4389 calapio
2786 4307 3040 4369 debemus
3097 4304 3200 4388 gal
3222 4325 3312 4364 um
3347 4322 3368 4364 ε

583 4409 647 4451 ra
691 4409 892 4471 quoque
941 4407 1208 4449 venenum
1245 4411 1275 4450 e
1349 4391 1574 4465 publices
1625 4392 1937 4452 Athenien-
2005 4395 2336 4472 perlblvire;
2377 4416 2448 4455 ne
2494 4392 2555 4455 id
2613 4386 2953 4468 negligatis,
3021 4387 3198 4450 Plato
3225 4429 3245 4459 ,
3302 4381 3375 4446 in

566 4469 716 4551 fium
753 4470 919 4547 poend
982 4465 1179 4548 invistz.
1278 4486 1304 4533 t
1365 4468 1490 4549 ipse
1536 4474 1776 4531 Seneca
1818 4472 1933 4549 Ep.
2012 4472 2306 4536 Phaedon.
2336 4472 2612 4536 Tom.1.
2643 4485 2778 4556 pag.
2820 4469 2957 4524 118.
2983 4465 3079 4526 Ita
3110 4481 3240 4541 quo
3292 4483 3377 4525 ue

583 4552 755 4612 xm.
793 4546 996 4610 Cicuta
1028 4565 1290 4629 magnum
1322 4546 1614 4609 Socratem
1635 4544 1800 4618 fierit.
2013 4551 2246 4613 Seneca
2285 4548 2417 4611 Jovi
2447 4548 2728 4608 liber-aton
2763 4538 3012 4601 libavit.
3064 4541 3206 4628 Plus
3261 4538 3380 4629 alis

662 4639 690 4669 ²
733 4629 1052 4692 anmus
1092 4649 1218 4694 nm
1258 4649 1461 4692 amus
1496 4631 1527 4704 ]
1580 4622 1682 4687 Sic
1719 4621 1935 4701 virgi·
2013 4624 2083 4685 in
2110 4631 2402 4690 Socrate:
2437 4625 2509 4687 in
2546 4637 2820 4698 utroque
2847 4615 3018 4680 haud
3059 4618 3205 4680 satis
3235 4617 3384 4697 drg-

581 4704 700 4772 lius
749 4708 997 4770 AEneid.
1024 4708 1220 4781 VIII,
1263 4727 1409 4789 4²5·
2013 4703 2252 4766 nitatis.

1052 4785 1220 4838 Nudus
1257 4785 1469 4840 membra
1497 4759 1806 4853 Pyran-mom*
2094 4789 2128 4828 4
2164 4784 2420 4841 Insomx
2476 4791 2921 4837 ctanrrunmn
2969 4792 3331 4838 νιιιτυτυκ
3353 4770 3405 4846 1

658 4870 681 4914 3
729 4862 888 4928 Jov1
925 4865 1370 4940 unam-rom]
1417 4865 1500 4925 Ut
1536 4857 1765 4923 ultima
1812 4852 1939 4916 fuit
2016 4857 2124 4917 Ob
2178 4856 2495 4918 insontem
2560 4850 2873 4912 virtutum
2930 4848 3395 4917 claritudinem

576 4937 851 5005 Socratis
924 4940 1257 5014 morientis
1291 4962 1464 5024 vox,
1504 4948 1578 5023 τῇ
1621 4941 1934 5017 ’Λα-κλειτῷ
2012 4934 2098 5000 ad
2112 4933 2420 5016 summum
2446 4928 2762 5013 fastigium
2800 4928 3069 4999 delean.
