4975 6149
1488 472 1658 528 110
1982 439 2084 526 C.
2214 432 3042 522 CORNELII
3164 428 3778 521 ΤΑΟῙΤῙΔ

1198 636 1432 691 aaa
1480 609 1793 694 fuerat:
1839 603 2213 716 quotiens
2261 601 2429 716 ipse
2476 596 2678 685 illuc
2716 599 3202 700 ventitaret,
3246 597 3514 714 septus
3569 592 3805 686 turba
3856 598 4263 688 centurio·-

1199 720 1431 773 A.u.c.

1243 810 1390 870 808.

1237 921 1284 970 J.
1320 922 1387 971 c.

1261 1034 1300 1099 5
1304 1032 1363 1100 5·

1487 765 1727 839 num,
1781 741 1863 816 ὃ(
1904 732 2078 845 post
2122 728 2364 812 breve
2409 724 2781 812 osculum
2830 725 3313 838 digrediens.
3416 799 3421 804 ,

1607 860 1876 946 XIX.
1941 861 2251 942 N11-111.
2298 884 2569 938 rerum
2634 851 3101 939 mortalium
3157 878 3325 936 tarn
3385 852 3749 938 instabile
3807 886 3903 939 ac
3959 856 4269 941 fluxum

1489 993 1597 1074 est
1611 1051 1641 1093 ,
1691 984 1932 1098 quam
1979 984 2194 1067 fama
2245 984 2623 1096 potentiae
2646 1041 2675 1085 ,
2733 1012 2904 1065 non
2960 975 3097 1061 sua
3145 980 3228 1061 vi
3281 983 3514 1064 nixae.
3563 984 3853 1066 Statim
3906 981 4272 1067 relietum

1488 1115 1956 1228 Agrippinae
2009 1107 2287 1192 limen.
2339 1112 2620 1193 Nemo
2680 1106 2972 1208 solari,
3026 1134 3270 1188 nemo
3324 1108 3584 1214 adire,
3649 1136 3927 1223 praeter
3975 1129 4270 1226 paucas
4388 1123 4434 1205 5

1486 1244 1870 1341 feminaS,
1947 1265 2220 1322 amore
2280 1264 2381 1317 an
2441 1234 2689 1337 odio,
2753 1235 3181 1318 incertum.
3238 1231 3369 1316 Ex
3436 1234 3720 1345 quibus
3794 1260 3988 1321 erat.
4027 1239 4273 1329 Junia

1490 1366 1765 1453 Silana
1824 1376 1902 1466 ¹,
1964 1392 2201 1474 quam
2255 1362 2778 1443 matrimonio
2838 1359 2937 1442 C.
2996 1358 3179 1442 Silii
3235 1390 3278 1443 a
3338 1358 3767 1446 Messalina
3803 1361 4274 1477 depulsam,

1490 1490 1725 1608 supra
1776 1486 2019 1573 retuli
2086 1497 2174 1590 ²,
2228 1487 2554 1598 infignis
2618 1516 2967 1598 genere,
3026 1484 3284 1570 forma
3311 1548 3341 1590 ,
3406 1485 3778 1592 lascivia,
3825 1497 3913 1572 ὅ(
3985 1490 4275 1604 Agrip-

1492 1622 1700 1734 pinae
1748 1616 1885 1700 diu
1927 1641 2257 1728 percara
2293 1644 2310 1694 z
2354 1641 2553 1695 mox
2591 1608 2941 1697 occultis
2987 1614 3197 1696 inter
3237 1642 3367 1698 eas
3420 1611 4036 1717 offenfionibus,
4087 1617 4274 1725 quia

1490 1748 1862 1828 Sextium
1899 1739 2381 1823 Africanum
2420 1748 2441 1795 ³
2476 1798 2505 1841 ,
2544 1736 2907 1824 nobilem
2944 1734 3368 1846 juvenem,
3411 1772 3455 1825 a
3494 1743 3793 1856 nuptiis
3822 1740 4108 1824 Silanae
4145 1741 4275 1823 de-
4344 1754 4446 1814 10

1489 1893 1880 1955 terruerat
1932 1866 2433 1979 Agrippina,
2502 1867 3073 1979 «impudicam
3125 1873 3210 1950 ὃς
3248 1895 3717 1980 vergentem
3765 1868 4060 1951 annis»
4106 1866 4279 1949 dic·-

1492 1999 1783 2092 titans3
1837 2023 2007 2076 non
2079 2017 2170 2073 ut
2227 1991 2704 2074 Africanum
2756 1992 2900 2075 fibi
2971 1993 3446 2107 seponeret,
3508 1993 3646 2077 sed
3700 2023 3803 2076 ne
3850 1990 4137 2107 opibus
4192 1999 4283 2075 ὅ(

1497 2121 1841 2207 orbitate
1900 2114 2188 2200 Silanae
2240 2120 2570 2198 maritus
2620 2119 3040 2228 potiretur.
3076 2115 3280 2218 Illa,
3343 2118 3481 2228 spe
3539 2117 3874 2200 ultionis
3929 2112 4199 2201 oblatz'i
4248 2175 4279 2221 ,

1497 2271 1723 2360 parat
1771 2241 2275 2327 accusatores
2327 2265 2430 2321 ex
2503 2237 2934 2323 clientibus
2994 2242 3207 2343 suis,
3258 2242 3600 2322 Iturium
3650 2249 3733 2325 ὅ(
3796 2240 4278 2343 Calvisium,

1501 2401 1670 2454 non
1729 2392 2058 2468 vetera,
2107 2373 2191 2448 ὅ(
2245 2363 2525 2478 saepius
2588 2361 2753 2473 jam
2811 2366 3082 2449 audita
3145 2365 3564 2470 deferens,
3619 2400 3664 2442 c<
3704 2367 3925 2476 quod
3971 2367 4282 2450 Britan·
4353 2377 4450 2458 15

1500 2497 1737 2579 »nici
1783 2517 2128 2576 mortem
2184 2486 2503 2603 lugeret
2529 2524 2576 2569 2>
2606 2549 2633 2593 ,
2686 2516 2825 2576 aut
2893 2527 2937 2568 «
2970 2494 3322 2577 Octaviae
3362 2488 3689 2600 injurias
3732 2490 4151 2603 evulgaret
4177 2527 4221 2569 ³>
4263 2527 4284 2576 :

1505 2620 1646 2705 sed
1707 2616 2268 2704 «destinavisse
2309 2646 2532 2722 eam,
2578 2615 3060 2702 Rubellium
3108 2616 3483 2703 Plautum
3520 2629 3598 2723 4,
3644 2648 3786 2732 per
3837 2645 4287 2702 maternam

1509 2749 1909 2857 originem
1947 2746 2118 2859 pari
2164 2773 2262 2827 ac
2310 2747 2545 2829 Nero
2595 2744 2848 2855 gradu
2894 2778 2941 2829 a
2987 2745 3179 2829 divo
3237 2745 3657 2856 Augusto,
3709 2744 3808 2828 ad
3856 2774 3979 2829 res
4031 2774 4289 2830 novas

1512 2869 1955 2966 extollere3
2002 2867 2549 2980 conjugioque
2579 2867 2747 2976 ejus
2787 2873 3030 2986 potiri
3054 2930 3081 2974 ,
3123 2901 3219 2957 ac
3256 2867 3843 2984 rempublicam
3867 2873 4134 2956 rursus
4165 2875 4288 2954 in-

1511 2999 1804 3084 vadere
1832 3031 1878 3076 »
1923 3030 1941 3079 :
1995 3000 2166 3081 haec
2211 2997 2505 3082 Iturius
2562 3005 2646 3081 ὃς
2683 2993 3073 3082 Calvisms
3121 3000 3489 3081 Atimeto
3503 3056 3531 3100 ,
3569 2997 3955 3081 Domitiae
3988 3007 4013 3063 5
4047 3058 4076 3101 ,
4119 3001 4290 3083 Ne·
4346 3003 4460 3064 20

1514 3128 1734 3210 tonis
1783 3125 2036 3209 amitae
2051 3183 2081 3227 ,
2112 3120 2451 3227 liberto,
2485 3127 2878 3238 aperiunt.
2904 3127 3079 3236 Qui
3104 3122 3330 3209 laetus
3361 3120 3650 3207 oblatis
3680 3126 4025 3238 (quippe
4072 3126 4291 3208 inter

1515 3253 2052 3364 Agrippinam
2102 3256 2185 3332 ὅ(
2225 3249 2686 3334 Domitiam
2726 3251 3035 3335 infensa
3077 3249 3493 3335 aemulatio
3546 3249 4118 3353 exercebatur)
4147 3254 4303 3335 Pa-

1513 3378 1772 3461 ridem
1823 3378 2339 3478 histrionem,
2377 3373 2758 3461 libertum
2796 3386 2880 3462 &
2923 3379 3185 3492 ipsum
3220 3378 3603 3461 Domitia:
3631 3435 3662 3480 ,
3714 3374 4040 3489 impulit
4093 3410 4138 3453 c<
4180 3380 4302 3460 ire

1515 3503 1922 3618 »propere
1949 3561 1977 3604 ,
2055 3503 2526 3612 crimenque
2587 3505 2967 3588 atrociter
3018 3504 3322 3587 deferre
3352 3536 3443 3585 ».

1645 3628 1855 3711 XX.
1919 3629 2466 3710 PRovl-:c‘rA
2525 3659 2696 3713 nox
2741 3657 2961 3734 erat,
3041 3638 3124 3714 ὅ(
3176 3632 3495 3714 Neroni
3557 3658 3701 3743 per
3745 3624 4297 3713 vinolentiam
4357 3632 4469 3720 25

1514 3751 2033 3849 trahebatur3
2098 3756 2284 3835 curn
2348 3756 2795 3865 ingreditur
2847 3759 3104 3859 Paris,
3174 3751 3459 3839 solitus
3518 3753 3878 3864 alioquin
3928 3753 4012 3836 id
4076 3779 4299 3836 tem-

1429 3980 1432 3981 *
1516 3881 1735 3994 poris
1782 3875 1999 3963 lusus
2041 3879 2436 3995 Principis
2471 3882 2915 3969 intendere.
2953 3883 3119 3969 Sed
3156 3909 3354 3969 tunc
3393 3882 3879 3996 compofitus
3914 3878 4016 3965 ad
4061 3881 4296 3964 maes-

1521 4148 1662 4194 mus
1726 4128 1834 4194 illa
1873 4134 2173 4200 Antoniae
2209 4132 2379 4195 forte
2422 4130 2545 4196 fuit
2587 4132 2650 4195 in
2740 4150 2871 4200 arte
3026 4146 3048 4190 ³
3092 4139 3387 4200 Sex-rum
3450 4137 3841 4199 Armenium
3879 4138 3911 4214 ]
3974 4133 4295 4215 Opinatur

1519 4208 1781 4299 palatii,
1816 4228 1888 4275 ut
1938 4214 2259 4293 conjicere
2302 4210 2452 4274 licet
2493 4231 2571 4274 ex
2610 4155 2865 4279 Valerio
2949 4214 3028 4275 Li
3074 4211 3189 4276 ssus
3250 4212 3418 4276 hunc
3476 4213 3759 4277 Sextium
3814 4229 4115 4293 nepotem
4170 4215 4293 4279 effe

1523 4289 1806 4353 Maximo
1847 4296 1977 4369 IV,
2019 4313 2076 4370 3.
2113 4311 2290 4355 num.
2334 4310 2385 4367 3.
2946 4234 3071 4356 sul}
3126 4292 3447 4368 Antonii,
3507 4294 3586 4355 de
3634 4314 3764 4375 quo
3807 4294 4043 4357 dietum
4094 4294 4176 4356 est
4221 4293 4295 4355 in

1605 4379 1624 4408 ¹
1670 4371 1858 4433 JumA
1888 4373 2122 4435 Suum
2162 4374 2192 4448 ]
2240 4372 2424 4433 Juxta
2453 4369 2734 4452 Lipfium
2773 4372 2870 4435 so·
2945 4375 3282 4435 stemmate
3330 4371 3675 4449 Caesarum,
3710 4393 3886 4436 num.
3928 4394 4032 4448 29.
4073 4372 4156 4434 At
4191 4371 4291 4432 di-

1523 4464 1632 4509 tor
1666 4463 1799 4511 erat
1845 4450 1933 4511 Μ.
1976 4448 2148 4513 Junii
2198 4447 2436 4526 Silani,
2481 4451 2595 4530 qui
2631 4471 2871 4515 memo-
2947 4449 3194 4514 vinatio
3253 4451 3356 4513 est.
3406 4453 3545 4514 Nec
3645 4452 3858 4515 tobati
3959 4449 4132 4514 otest.
4190 4448 4293 4510 De

1527 4540 1697 4587 ratur
1730 4526 1799 4587 in
1831 4531 2169 4592 stemmate
2192 4527 2533 4605 Caesarum,
2561 4550 2735 4593 num.
2759 4551 2869 4621 57.
2953 4527 3248 4591 Africano
3292 4528 3494 4595 adhuc
3528 4530 3593 4595 in
3655 4532 3692 4592 a
3720 4534 3903 4595 Anna
3932 4574 3947 4589 .
3976 4530 4151 4596 xlv,
4181 4532 4292 4616 4255

1525 4604 1612 4690 A}
1652 4608 1796 4667 cum
1826 4606 2000 4671 nulla
2040 4606 2115 4671 fit
2149 4605 2330 4684 hujus
2367 4608 2598 4671 consan
2643 4608 2873 4673 uinrta·
3025 4617 3059 4657 4
3101 4609 3485 4675 Rumuuu
3552 4612 3861 4672 ΡιΑυτυκ
3904 4612 3932 4683 ]
4003 4602 4290 4691 ΒιιῑζεΠιι

1529 4694 1610 4740 trs
1667 4684 1912 4748 mentio
1964 4685 2034 4747 in
2081 4685 2502 4763 Scriptoribus
2533 4734 2552 4762 ,
2643 4687 2871 4751 ivinari
2948 4686 3257 4751 Blandi&
3282 4687 3493 4761 Julioe,
3517 4685 3767 4749 Tiberii
3796 4681 4028 4762 neptis,
4056 4680 4290 4745 filium.

1531 4775 1667 4846 non
1696 4758 1904 4824 debet.
1929 4764 2060 4825 Alii
2096 4764 2352 4843 plurimi
2378 4765 2553 4829 fuere
2595 4765 2767 4830 Junii
2787 4767 2877 4830 Si·
2951 4766 3113 4831 vide
3159 4768 3432 4828 Stemma
3474 4764 3814 4839 Cassarum,
3853 4779 4026 4822 num.
4069 4766 4174 4839 76.

1535 4832 1702 4906 lani,
1729 4854 1807 4896 ex
1835 4839 2061 4917 quibus
2094 4844 2259 4906 nasci
2291 4845 2520 4925 potuit.
3035 4854 3056 4899 5
3101 4844 3411 4906 Dourrm
3455 4847 3485 4918 J
3540 4843 3639 4903 De
3678 4840 3791 4906 illa
3829 4839 3979 4906 vide
4015 4842 4294 4907 Stemma

1606 4920 1633 4951 ²
1672 4914 1878 4976 Surna
1920 4922 2222 4997 aarum]
2267 4924 2500 4990 Annal.
2535 4925 2668 5002 XI,
2708 4944 2803 4990 12.
2954 4920 3306 5001 Ceratum,
3347 4940 3524 4986 num.
3565 4939 3673 5001 40.
