4975 6149
980 437 1145 524 AD
1191 434 1650 521 LIBRUM
1688 430 1927 515 XIII.
1960 428 2248 516 ANN.
2296 429 2395 513 C.
2442 428 2807 515 CORN.
2841 426 3264 517 TACITI.
3336 466 3451 541 42
3477 471 3506 522 1

813 596 1047 673 Anno
1079 590 1305 667 Urbis
1331 587 1656 664 conditae
1690 606 1985 660 Dchm
2011 638 2032 672 ,
2066 587 2263 659 Sexto
2302 585 2479 657 Iulio
2503 634 2527 670 ,
2571 586 2652 661 L.
2687 590 2944 660 Marcio
2979 589 3370 684 conficlibus,
3401 596 3514 667 hoc

2684 690 2851 715 bn·—

719 719 806 816 est
833 721 985 791 belli
1000 716 1268 813 socialis
1295 715 1484 785 initio
1506 769 1525 796 ,
1556 706 1759 781 fuere
1787 703 1867 776 in
1907 700 2166 777 aerario
2197 700 2460 803 pondo
2495 707 2644 774 auri
2672 733 2854 777 xm.
2879 735 3030 781 xx.
3069 739 3510 792 υσσσΧΧιΧ.

718 818 907 892 Plin.
963 811 1327 903 XXXIII,
1388 838 1456 912 3.
2451 901 2470 915 ‚
2629 901 2646 917 ,

785 913 1247 1015 Auripondo
1284 912 1731 1003 1‚62o‚829,
1756 907 2251 981 suntmonetae
2270 900 2833 980 Gallrcaehbrae.
2878 929 2942 994 1,
2950 929 2992 1002 5
3013 916 3509 1016 12‚783,4o5.

822 1018 1050 1091 Anno
1097 1013 1323 1090 Urbis
1369 1009 1692 1086 conditae
1729 1031 1934 1084 Dccv
1957 1062 1980 1095 ,
2018 1009 2216 1078 Caius
2246 1004 2497 1099 Caefizr,
2538 1010 2750 1099 primo
2778 1012 3050 1080 introitu
3086 1012 3275 1085 Urbis
3309 1020 3377 1085 in
3413 1024 3513 1088 ci·-

718 1119 843 1192 vili
878 1120 1043 1190 bello
1045 1118 1171 1213 suo
1201 1171 1222 1205 ,
1254 1142 1337 1187 ex
1385 1117 1617 1187 aerario
1644 1111 1927 1206 protulit
1976 1108 2253 1177 laterum
2291 1130 2630 1178 aureorum
2674 1133 2814 1184 XV.
2871 1138 2961 1182 M.
3021 1135 3467 1209 argenteorum
3490 1179 3512 1209 ‚

719 1264 992 1310 XXXV.
1024 1238 1100 1310 ἔπ’
1132 1241 1199 1308 in
1242 1254 1573 1305 numerato
1600 1264 1728 1305 HS.
1758 1212 1950 1304 c‘ZEE.
1979 1233 2112 1303 Nec
2124 1230 2270 1326 fuit
2304 1222 2455 1300 aliis
2512 1232 2894 1324 temporibus
2937 1235 3282 1329 respublica
3334 1238 3514 1307 locu-

709 1340 978 1434 pletior,
1009 1334 1194 1411 Plin.
1226 1330 1570 1419 XXXIII,
1595 1357 1664 1431 3.
1694 1329 1813 1404 Sic
1849 1327 2046 1405 enim
2088 1326 2507 1451 legendum.
2543 1327 2735 1402 Nam
2758 1330 3013 1406 hocin
3043 1332 3220 1409 loco
3264 1333 3373 1408 bis
3402 1360 3511 1410 er-

722 1438 912 1511 ravit
942 1436 1262 1513 eruditus
1289 1429 1750 1505 Harduinus:
1788 1429 2024 1528 primo
2071 1427 2274 1530 quod
2331 1427 2565 1503 edidit
2606 1432 2881 1503 laterum
2922 1460 3259 1507 aureorum
3302 1465 3503 1511 XXV.

710 1534 1005 1637 Inspexi
1041 1536 1119 1608 in
1147 1531 1612 1607 Bibliotheca
1644 1528 1878 1631 Regia
1903 1529 2110 1602 illum
2150 1527 2382 1628 ipsum
2429 1526 2648 1600 Plinii
2685 1530 3023 1606 codicem
3048 1590 3068 1622 ,
3109 1560 3325 1635 quem
3354 1534 3509 1609 lau-

716 1634 878 1724 dat,
907 1644 973 1710 ὃς
1008 1635 1086 1709 in
1120 1659 1213 1710 eo
1250 1657 1406 1708 non
1435 1663 1610 1707 xxv
1635 1688 1656 1721 ,
1690 1629 1816 1704 sed
1847 1659 1962 1703 xrs
1996 1627 2368 1728 scriptum.
2423 1628 2708 1702 Erravit
2750 1630 3067 1707 secundo
3091 1690 3110 1722 ‚
3160 1633 3364 1737 quod
3396 1636 3504 1710 ita

706 1733 1035 1810 'distinxit
1062 1743 1131 1810 in
1156 1737 1339 1808 civili
1368 1733 1531 1805 bello
1552 1787 1575 1821 ,
1595 1734 1718 1826 sico
1749 1757 1831 1806 ex
1854 1734 2083 1803 aerario
2106 1785 2127 1817 ,
2154 1750 2236 1801 ut
2263 1726 2355 1800 ad
2380 1725 2554 1802 Julii
2584 1727 2881 1804 Caesaris
2901 1732 3230 1807 aerarium
3275 1736 3501 1810 refer-

709 1856 867 1925 ret,
902 1835 1107 1938 quod
1142 1834 1234 1910 de
1268 1830 1533 1933 populi
1565 1829 1883 1906 Romani
1911 1828 2169 1905 aerario
2225 1826 2409 1901 dixit
2461 1826 2736 1902 Plinius
2761 1857 2786 1919 ;
2836 1830 3010 1907 teste
3053 1832 3216 1933 ipso
3268 1835 3497 1911 Floro

710 1933 822 2010 IV
846 1991 868 2025 ‚
910 1961 954 2009 2
980 1992 999 2026 ‚
1033 1941 1227 2009 Caius
1261 1935 1472 2030 Caesar
1499 1938 1800 2005 aerarium
1835 1931 2383 2031 quoquefitnbium
2406 1988 2425 2015 ‚
2476 1935 2629 2027 quia
2683 1932 2930 2003 tardius
2972 1938 3337 2030 aperiebant
3368 1944 3503 2012 tri-

707 2037 864 2109 buni
887 2089 908 2124 ‚
937 2036 1126 2135 juffit
1153 2035 1406 2132 effringi
1429 2059 1454 2107 ;
1484 2034 1845 2135 censumque
1872 2033 1950 2105 Cr
1973 2034 2445 2128 patrimonium
2472 2031 2695 2126 populi
2721 2032 3001 2105 Romani
3045 2040 3195 2109 ante
3232 2043 3499 2132 rapuit,

709 2134 907 2235 quam
941 2141 1301 2232 imperium.
1335 2227 1342 2233 ἱ
2170 2227 2174 2231 p

806 2229 1026 2309 Nunc
1078 2235 1256 2309 verb
1308 2231 1387 2307 in
1447 2250 1830 2308 numerato
1893 2226 2295 2307 sestertium
2355 2252 2873 2331 40‚ooo,ooo,
2946 2233 3112 2309 sunt
3181 2255 3501 2313 monetae

701 2331 1011 2415 ¹Gallicae
1048 2332 1256 2408 librae
1271 2389 3007 2412 ....................................
3045 2340 3497 2432 7,782,010.

809 2434 1231 2508 Aureorum
1255 2420 1497 2509 autem
1528 2440 1597 2509 &
1619 2454 2135 2537 argenteorum
2160 2432 2470 2508 laterum
2506 2433 2797 2532 pondus
2829 2432 2996 2510 cum
3023 2433 3296 2511 Plinius
3338 2461 3496 2515 non

701 2531 1115 2632 prodiderit
1146 2588 1167 2624 ,
1199 2534 1657 2635 incomperta
1694 2533 1796 2609 est
1833 2535 2128 2610 summa.
2153 2533 2254 2607 At
2278 2534 2632 2634 quoniam
2664 2559 3058 2636 numquam
3083 2535 3495 2636 respublica

697 2631 840 2706 fuit
857 2631 1327 2733 locupletior,
1349 2635 1670 2736 reputari
1693 2634 1957 2735 potest,
1979 2635 2126 2709 fine
2147 2634 2409 2709 erroris
2433 2632 3041 2736 formidine,opes
3065 2636 3496 2737 reipublicae

698 2752 877 2806 tunc
900 2734 1254 2833 temporis
1282 2735 1584 2835 aequass‘e
1609 2757 1928 2810 monetae
1955 2733 2258 2809 Gallicae
2281 2733 2502 2808 libras
2523 2734 2813 2810 circiter
2841 2759 3491 2827 2,000‚000‚000.

804 2832 1080 2909 Tantas
1127 2858 1308 2933 opes
1357 2859 1399 2904 a
1436 2832 1633 2909 Julio
1683 2834 1965 2908 Caesare
2008 2859 2085 2906 ra
2141 2853 2246 2907 tas
2294 2833 2623 2912 animose
2668 2835 3041 2941 queritur,
3094 2861 3490 2941 earumque

700 2930 1066 3035 originem
1107 2932 1432 3010 facunde
1472 2932 1697 3008 docet
1735 2930 2070 3009 Lucanus
2150 2931 2266 3025 H,
2311 2957 2487 3036 154.

1179 3079 1341 3150 Tunc
1381 3109 1542 3166 rupes
1576 3089 1818 3166 Tarpeia
1837 3093 2045 3172 sonat,
2086 3113 2392 3176 magnoque
2431 3093 2675 3178 reclustzs

1179 3168 1433 3251 Testatur
1447 3168 1689 3251 stridore
1698 3168 1892 3246 fhres:
1928 3189 2060 3231 tunc
2098 3173 2352 3236 conditus
2389 3173 2499 3236 imo

1176 3246 1417 3309 Eruitur
1455 3248 1648 3324 templo
1678 3247 1867 3309 multis
1898 3248 2141 3313 intaaus
2166 3253 2240 3313 ab
2261 3253 2435 3315 annis

1180 3327 1423 3390 Romani
1461 3330 1655 3409 census
1688 3326 1914 3404 populi,
1953 3351 2109 3411 quern
2144 3331 2366 3393 Punica
2394 3332 2539 3394 bella
2564 3378 2585 3408 ,

1066 3444 1073 3453 ·
1243 3429 1364 3492 uern
1397 3405 1625 3469 dederat
1660 3406 1890 3489 Perses,
1921 3430 2075 3489 quem
2098 3412 2231 3474 viai
2260 3411 2458 3489 praeda
2487 3411 2735 3490 Philippi
2749 3436 2773 3473 .-

1250 3486 1355 3548 uod
1391 3486 1494 3548 tibi
1512 3526 1534 3556 ,
1572 3488 1784 3565 Roma,
1808 3487 1960 3570 fugci
1999 3490 2250 3574 Pyrrhus
2282 3490 2599 3569 trepidante
2642 3493 2905 3576 reliquit',

1243 3586 1308 3625 uo
1333 3583 1386 3626 te
1415 3564 1710 3627 Fabricius
1731 3568 1851 3649 regi
1875 3588 1985 3627 non
2022 3569 2274 3632 vendidit
2309 3591 2471 3632 auro.

1243 3641 1471 3777 affigit}
1491 3664 1783 3778 pez-'corum
1815 3664 1993 3782 mclzres
2012 3649 2280 3784 serva-stig
2308 3668 2573 3724 avorum,

1229 3795 1383 3858 ieior‘
1423 3721 1926 3859 leesdedliitaelipiiriiiici
1954 3725 2145 3864 gignite
2170 3742 2472 3876 giezita,
2511 3870 2515 3873 y

1247 3817 1530 3968 uodlgqto
1572 3874 1877 3969 ⁸longinqua
1911 3882 2068 3940 vexit
2083 3883 2255 3961 super
2288 3898 2509 3972 aequora
2532 3879 2731 3960 Cypros

1229 3976 1335 4015 unc
1363 3955 1616 4017 Orzentzs
1637 3976 1764 4031 opes
1783 4001 1804 4031 ,
1843 3974 2225 4040 captorumque
2249 3959 2443 4020 ultima
2472 3978 2665 4050 regum

1174 4032 1330 4171 ἕηκε
1366 4034 1723 4111 Pompeianis
1755 4033 2000 4112 praelara
2027 4038 2100 4120 est
2113 4059 2267 4122 gaza
2296 4037 2629 4117 triumphis,

1232 4113 1451 4194 geritur
1468 4141 1489 4175 .·
1528 4115 1668 4198 tristi
1682 4115 2004 4196 spoliantur
2037 4119 2238 4196 templa
2267 4120 2473 4196 rapina
2489 4139 2521 4191 ;

1172 4187 1579 4276 Pauperiorque
1591 4195 1716 4273 fuit
1749 4214 1883 4259 tunc
1901 4196 2139 4275 primurn
2168 4197 2389 4282 Coefizre
2416 4197 2629 4264 Roma.

851 4361 1272 4475 AErarii
1356 4405 1666 4521 ope5‚
1755 4377 2511 4527 imperantibus
2580 4379 3302 4530 Principibus,

793 4587 1113 4664 MANsu*
1154 4589 1377 4664 aerarii
1418 4614 1732 4679 nomem
1761 4618 1883 4683 ac,
1908 4599 2103 4697 qnafi
2133 4604 2339 4676 aneta
2363 4603 2661 4679 fortuna
2682 4657 2702 4690 ,
2734 4598 2954 4676 etiarn
2991 4599 3437 4702 geminatum
3458 4625 3487 4676 τ

680 4711 855 4764 nam
888 4688 1247 4764 AErarium
1293 4689 1611 4766 Militare
1654 4717 1746 4767 ex
1794 4694 2135 4771 vicefima
2179 4701 2674 4775 hereditatum
2715 4695 3024 4774 instituit
3082 4700 3469 4804 Augustus.

684 4787 790 4862 At
820 4789 1184 4887 perierant
1210 4816 1391 4890 opes
1434 4790 1791 4892 publicae,
1823 4794 1995 4868 &in
2028 4797 2389 4893 privatam
2422 4797 2784 4871 Caesarum
2826 4794 3199 4874 fortunam
3242 4801 3473 4876 ceffe-

683 4907 867 4966 xant.
891 4887 1054 4966 Nec
1086 4889 1451 4974 immerite>
1479 4917 1523 4970 a
1562 4889 1838 4971 Graecis
1866 4891 2184 4975 historiae
2204 4894 2559 4976 Romana:
2592 4897 3068 5001 scriptoribus
3101 4902 3475 4994 aerarium,
