4975 6149
1262 764 1415 927 ξιξ,
1501 816 1940 898 nuntiatur.
2800 848 2835 873 ·

1276 972 1383 1031 61.

1443 410 1446 417 .
1514 416 1684 507 ¹72*

1951 399 2164 482 ·-C.·
2231 389 3036 480 CORNELII
3132 386 3700 476 TACITI

1220 595 1455 640 ΞΕ
1484 563 1831 677 ..captivo
1863 571 1884 606 ¹
1917 556 2239 643 adolere
2271 588 2434 642 aras
2449 617 2476 660 ,
2498 564 2579 640 &
2605 559 3030 640 hominum
3059 552 3273 638 fibris
3302 550 3722 637 consulere
3751 549 3945 635 deos
3974 549 4089 638 fas
4115 555 4257 641 ha⁴

1221 672 1452 725 A.1J.C.

1499 688 2074 773 bebant.'Haec
2142 687 2413 797 agenti
2464 684 2917 788 Suetonio,
2972 683 3391 795 repentina
3441 677 3783 763 defefflo
3816 683 4253 792 provincia:

1627 939 1985 1024 XXXI.
2051 939 2133 1021 R
2155 962 2196 1019 Ε
2213 965 2264 1021 x
2283 938 2734 1022 -Icenorum
2761 942 2792 980 ²
2815 932 3287 1046 Prasutagus
3301 978 3337 1037 ,-
3360 926 3609 1044 longa
3635 926 4052 1046 opulentia
4082 931 4249 1019 cla-

1502 1096 1633 1149 rus
1663 1127 1690 1170 ,
1722 1066 2112 1148 Caesarem
2136 1065 2516 1148 heredem
2546 1063 2894 1171 duasque
2930 1059 3131 1145 filias
3175 1061 3640 1173 scripserat,
3690 1055 3834 1142 tali
3867 1059 4252 1170 obsequio

1501 1219 1715 1275 ratus
1744 1220 2238 1303 regnumque
2272 1197 2353 1273 &
2380 1189 2716 1271 domum
2743 1188 2959 1269 suam
2990 1182 3577 1300 proculinjurizi
3590 1183 3761 1267 fore
3779 1218 3795 1265 ε
3813 1188 4031 1294 quod
4056 1218 4252 1270 con-

1501 1316 1623 1402 tra
1647 1320 1888 1403 vertit
1913 1352 1928 1398 :
1961 1318 2162 1400 adeo
2187 1342 2278 1397 ut
2301 1343 2683 1425 regnum,
2710 1343 2851 1428 per
2874 1314 3392 1397 centuriones
3408 1371 3435 1414 ,
3468 1310 3753 1395 domus
3785 1340 3926 1424 per
3950 1312 4252 1414 serVOS,

1497 1442 1727 1530 ’velut
1781 1472 2061 1557 capta,
2110 1444 2619 1526 vastarentur.
2675 1442 2855 1531 Jam
2888 1441 3240 1552 *primum
3282 1468 3487 1522 uxor
3538 1434 3705 1542 ejus
3752 1438 4168 1522 Boudjcea
4219 1447 4246 1495 ³

1499 1567 1956 1653 verberibus
1988 1569 2264 1652 affecta
2283 1628 2309 1669 ,
2330 1573 2421 1649 ’δε
2447 1562 2626 1647 filiae
2662 1568 2929 1680 stupro
2954 1563 3271 1648 violatae
3298 1566 3507 1648 sunt.
3533 1565 3919 1676 Praecipui
3960 1567 4253 1675 quique

1496 1695 1931 1778 Icenorum
1960 1752 1987 1795 ,
2017 1694 2227 1803 quasi
2256 1694 2623 1776 cunstam
2646 1696 3062 1804 regionem
3105 1693 3415 1774 muneri
3449 1690 3930 1804 accepissent
3953 1752 3979 1793 ,
4018 1691 4249 1775 avitis

1493 1818 1730 1905 bonis
1761 1831 2211 1904 exuuntur4
2243 1854 2268 1911 ε,
2288 1821 2816 1933 &propinqui
2846 1820 3056 1929 regis
3086 1819 3296 1902 inter
3319 1819 3719 1931 mancipia
3735 1814 4252 1900 habebantur.

1494 1943 1686 2059 Qua
1745 1944 2242 2031 contumelia
2277 2005 2305 2049 ‚
2375 1953 2458 2028 ὅ(
2507 1971 2731 2029 metu
2786 1947 3248 2056 graviorum
3317 1955 3340 2047 (
3400 1942 3718 2054 quando
3766 1944 3850 2025 in
3912 1938 4256 2025 formam

1491 2076 1932 2186 provinciae
1986 2072 2420 2172 cefferant)
2459 2073 2780 2183 rapiunt
2831 2101 3043 2154 arma
3064 2128 3093 2171 ,
3149 2073 3583 2152 commotis
3637 2069 3738 2151 ad
3787 2066 4255 2151 rebellatio-

1493 2226 1684 2278 nem
1731 2193 2359 2279 Trinobantibus
2411 2204 2436 2257 5
2468 2252 2496 2295 ‚
2557 2202 2640 2276 ὃ(
2691 2196 2828 2303 qui
2881 2192 3019 2276 alii
3072 2195 3439 2277 nondum
3494 2194 3818 2274 servitio
3861 2192 4045 2273 faffl
4068 2252 4095 2295 ,
4132 2223 4257 2275 re-

1493 2319 1802 2403 sumere
1830 2319 2278 2404 libertatem
2308 2316 2656 2403 occultis
2691 2315 3384 2423 conjurationibus
3427 2319 3935 2432 pepigerant,
3966 2319 4257 2401 acerri-

1496 2475 1634 2530 mo
1687 2448 1769 2527 in
1820 2474 2244 2530 veteranos
2290 2444 2509 2528 odio.
2570 2445 2901 2558 Quippe
2944 2446 3030 2526 in
3074 2441 3495 2527 *coloniam
3533 2441 4190 2525 Camulodunum
4219 2440 4257 2488 ⁶

1491 2571 1777 2654 recens
1820 2571 2134 2653 deduEti
2155 2631 2184 2674 ,
2220 2568 2630 2684 pellebant
2668 2569 3036 2653 domibus
3061 2630 3088 2673 ,
3120 2568 3646 2653 exturbabant
3678 2570 3927 2680 agris,
3986 2602 4031 2644 «
4064 2599 4258 2683 cap-

1493 2699 1771 2780 »tivos
1796 2756 1826 2798 ,
1881 2696 2149 2779 servos
2178 2732 2222 2771 >2
2291 2690 2775 2810 appellando
2817 2730 2835 2777 z
2897 2694 3359 2779 foventibus
3413 2698 3973 2808 impotentiam
4028 2721 4256 2778 vete-

1493 2851 1871 2909 ranorum
1922 2820 2310 2906 militibus
2333 2882 2362 2925 ‚
2411 2820 2925 2905 similitudine
2959 2825 3139 2904 vitae
3154 2882 3182 2923 ,
3215 2830 3298 2905 &
3331 2821 3466 2935 spe
3505 2817 3859 2927 ejusdem
3881 2819 4251 2904 licentiae.

1496 2948 1631 3033 Ad
1656 2951 1823 3032 haec
1848 2945 2288 3062 templum⁷
2304 3009 2336 3055 ,
2365 2947 2558 3032 divo
2583 2946 2933 3032 Claudio
2966 2950 3489 3034 constitutum
3502 3007 3531 3050 ‚
3557 2947 3769 3058 quafi
3794 2975 3934 3031 arx
3955 2973 4253 3032 aeternae

1579 3177 1599 3207 ¹
1659 3170 1935 3232 Cauone
1998 3169 2355 3245 can-lvo]
2430 3168 2833 3233 Barbaricum

1494 3246 1789 3308 eumdem
1842 3247 2012 3308 usum
2055 3248 2218 3326 apud
2259 3249 2609 3312 Germanos
2662 3248 2835 3310 vidi—

1494 3342 1633 3386 mus
1669 3324 1842 3403 supra
1872 3324 2098 3388 Annal.
2125 3325 2186 3401 I,
2219 3333 2321 3388 61.
2345 3329 2431 3389 Ea
2452 3329 2609 3390 vero
2637 3325 2833 3389 Drui-

1497 3403 1716 3464 darum
1747 3450 1766 3477 ,
1831 3404 2211 3484 magicarum
2259 3425 2336 3466 ue
2389 3405 2621 3469 artium
2661 3405 2834 3484 pestis

1495 3483 1676 3545 tanto
1705 3480 1980 3545 ferocius
2028 3482 2193 3545 inter
2284 3482 2567 3547 tirannos
2611 3484 2835 3563 graffa-

1495 3559 1712 3635 batur,
1772 3559 1947 3647 quod
1997 3575 2129 3622 tum
2166 3580 2202 3623 a
2243 3561 2464 3624 Galliis
2520 3563 2703 3635 exul,
2762 3579 2832 3626 ut

1496 3636 1690 3700 docet
1726 3636 1958 3701 Plinius
2005 3641 2181 3699 XXX
2206 3685 2226 3713 ‚
2281 3660 2332 3700 1.
2391 3638 2618 3700 Gallias
2657 3640 2836 3720 utique

1488 3713 1711 3795 pqffedit
1757 3715 2001 3795 magica
2042 3715 2320 3793 vanitas,
2383 3716 2445 3778 ὓ·
2546 3718 2723 3779 uidem
2762 3718 2837 3777 ad

1494 3791 1729 3871 nostram
1779 3794 2107 3856 memoriam.
2142 3795 2296 3855 Nam
2332 3816 2397 3855 ue
2438 3795 2508 3857 Ti
2547 3796 2648 3857 erii
2697 3794 2833 3857 Cae-

1477 3870 1637 3952 Jizris
1678 3870 2026 3946 principatus
2045 3870 2261 3951 fiaflulit
2379 3874 2571 3935 midas
2616 3893 2834 3951 eorum,

1500 3945 1564 4005 ὃ·
1603 3947 1702 4005 hoc
1745 3969 1927 4028 genus
1987 3969 2173 4010 vatum
2227 3950 2669 4033 medicorumque.
2721 3952 2837 4014 Sed

1495 4023 1626 4104 quid
1651 4046 1749 4106 ego
1800 4024 1917 4087 haec
1962 4048 2355 4090 commemorem
2395 4032 2454 4092 in
2493 4051 2614 4092 arte
2653 4029 2837 4092 Ocea-

1497 4123 1624 4162 num
1669 4123 1867 4183 quoque
1937 4107 2261 4245 tran-ffreffli
2294 4155 2314 4183 ‚
2382 4106 2444 4168 G*
2496 4110 2569 4168 ad
2617 4128 2834 4171 naturae

1497 4181 1671 4243 inane
1704 4184 1998 4258 perveffli?
2115 4185 2366 4246 ritannia
2417 4184 2671 4267 hodieque
2713 4209 2834 4247 eam

1499 4261 1734 4321 attonite
1774 4261 2009 4323 celebrat
2045 4264 2224 4324 tantis
2257 4263 2589 4326 coerimoniis
2611 4312 2630 4339 ,
2662 4283 2723 4323 ut
2747 4265 2836 4326 de-

1498 4339 1627 4418 difie
1673 4339 1854 4421 Persts
1915 4341 2090 4403 videri
2123 4340 2295 4422 pcffir.
2363 4341 2517 4404 Aded
2568 4344 2586 4404 i
2631 4363 2667 4401 a
2725 4362 2834 4405 toto

1499 4417 1696 4479 mundo
1739 4419 2082 4560 wawere,
2131 4439 2451 4501 quamquam
2492 4420 2547 4483 di
2572 4419 2723 4483 cordi
2773 4422 2835 4484 G*

1483 4494 1821 4578 fihiignoto.
1918 4521 1977 4560 ec
2023 4500 2136 4559 atis
2160 4497 2412 4580 aestimari
2446 4502 2840 4582 potesl‚quan-

1500 4590 1614 4633 tum
1660 4575 1925 4638 Romanis
1994 4578 2361 4658 ebeatur‚qui
2377 4581 2448 4658 fii
2493 4578 2640 4641 ulere
2670 4583 2841 4673 mons

1502 4666 1628 4725 tra,
1676 4653 1733 4711 in
1771 4655 1962 4733 quibus
1999 4657 2264 4717 hominem
2302 4659 2415 4718 occi
2455 4680 2547 4719 ere
2573 4707 2593 4734 ‚
2623 4658 2841 4740 religio-

1481 4727 1741 4807 fiffimum
1775 4751 1897 4791 erat
1922 4778 1942 4808 ‚
1982 4733 2170 4796 mandi
2214 4739 2338 4797 verd
2366 4736 2842 4817 etiamffiluberrz-

2990 3179 3020 3210 ²
3059 3171 3200 3234 Rex
3235 3170 3637 3245 Icenorum]
3666 3168 3763 3232 De
3794 3168 3995 3233 Icenis
4023 3167 4257 3231 dictum

2915 3251 3143 3312 Annal.
3197 3252 3347 3322 XII,
3396 3271 3496 3327 3¹·

2995 3339 3017 3383 ³
3060 3332 3253 3391 Uxon
3282 3349 3420 3393 mus
3451 3330 3780 3389 Boumcm
3809 3329 3837 3402 ]
3879 3326 3976 3388 De
4010 3323 4260 3388 fortiffif·

2912 3426 3028 3468 mae
3094 3405 3345 3468 feminae
3400 3406 3665 3468 nomine
3724 3404 3872 3466 vide
3934 3406 4134 3466 Notas
4180 3404 4255 3467 ὃς

2911 3483 3400 3547 Emendationes
3435 3483 3514 3545 ad
3548 3483 3772 3544 Annal.
3815 3485 3958 3545 XIV
3981 3528 4001 3555 ,
4050 3502 4147 3557 31.

2989 3572 3023 3612 4
3063 3567 3298 3628 Avrrrs
3326 3583 3504 3625 notus
3546 3562 4100 3636 nxuuuTuRJI-laec
4119 3558 4255 3622 elo-

2913 3660 3180 3723 quenter
3279 3641 3516 3705 ueritur
3552 3639 3872 3705 Boudicea
3911 3639 4076 3720 apud
4096 3637 4255 3701 Dio-

2912 3740 3063 3783 nem
3102 3723 3245 3783 LXI
3283 3764 3297 3779 .
3337 3740 3473 3801 pag.
3499 3740 3645 3798 70¹·
3677 3719 3870 3796 Cujus
3894 3734 4095 3781 totam
4122 3735 4256 3779 ora-

2913 3800 3161 3863 tionem
3207 3799 3359 3861 vide
3395 3800 3465 3860 in
3508 3797 3697 3861 Notis
3748 3800 3819 3861 &
3848 3794 4259 3858 Emendatio-

2912 3877 3099 3941 nibus
3142 3879 3221 3939 ad
3258 3877 3481 3939 Annal.
3515 3879 3694 3949 xlv,
3739 3894 3763 3949 3
3760 3893 3869 4010 'f

2997 3968 3014 4012 5
3081 3958 3600 4017 Turenum-mos
3664 3956 3693 4028 ]
3823 3952 4189 4014 rmobantes
4228 3998 4253 4027 ,

2913 4054 3081 4095 nunc
3122 4031 3202 4092 les
3233 4030 3450 4090 Comtes
3473 4029 3539 4087 de
3578 4027 3890 4108 Middkesex
3918 4028 3977 4090 ὓ·
4009 4028 4255 4111 d'Effex.

2992 4114 3020 4150 ⁶
3063 4108 3638 4182 Canutonunum]
3688 4109 3785 4171 De
3823 4108 3937 4172 hac
3992 4107 4256 4173 colonia

2913 4187 3183 4250 diximus
3224 4187 3449 4247 Annal.
3499 4189 3659 4260 XlI,
3708 4209 3802 4264 32.

2989 4277 3016 4318 ⁷
3060 4268 3157 4326 An
3188 4287 3322 4327 rme
3352 4268 3715 4341 TEMPLUM]
3734 4265 4073 4345 Templum
4099 4265 4255 4327 illud

2911 4361 3223 4407 memorat
3272 4347 3507 4408 Seneca
3563 4343 3635 4406 in
3695 4346 3848 4408 ludo
3902 4345 3979 4407 de
4045 4359 4254 4407 morte

2915 4423 3140 4486 Claud.
3183 4421 3392 4482 Parum
3432 4421 3503 4495 es!
3551 4421 3688 4503 qudd
3730 4421 3979 4497 templum
4024 4423 4081 4481 in
4123 4420 4253 4479 Bri—

2914 4501 3113 4561 tannici
3156 4499 3355 4578 habet,
3396 4500 3533 4580 qudd
3573 4501 3715 4561 hunc
3766 4500 3991 4561 barbari
4031 4497 4250 4572 colunt,

2918 4579 2979 4640 ὓ·
3022 4599 3080 4640 ut
3127 4579 3281 4640 deum
3308 4598 3490 4643 ora-nt.
3540 4584 3705 4643 Cum
3743 4576 4095 4642 dominatio
4127 4576 4253 4637 Ro-

2916 4679 3098 4721 mana
3145 4659 3454 4739 religione
3512 4659 3863 4737 grassaretur
3895 4699 3916 4728 ,
3967 4668 4036 4714 ut
4088 4654 4253 4733 apud

2915 4737 3071 4799 Trin
3081 4739 3339 4799 obantas
3361 4735 3629 4799 Claudio
3650 4781 3668 4807 ,
3687 4734 3771 4795 ita
3787 4731 3949 4811 apud
3976 4733 4252 4822 Regum,

1501 4825 1666 4864 mum·
1714 4808 1876 4874 Vide
1939 4813 2011 4880 &
2058 4813 2436 4884 Suetonium
2482 4815 2554 4885 in
2616 4817 2841 4884 Claud.
2919 4814 2986 4875 in
3021 4817 3175 4878 urbe
3203 4812 3543 4892 Chic-hester,
3575 4815 3875 4890 Neptuno
3916 4810 3986 4874 &
4016 4811 4252 4873 Mrner-

1502 4883 1702 4950 XXV.

2918 4912 3010 4961 γε
3071 4892 3376 4975 templum
3427 4888 3628 4959 fuerat
3696 4887 3967 4972 pontum
3997 4935 4022 4969 ,
4076 4890 4252 4970 cujus

4322 1721 4423 1775 10

4326 2348 4429 2427 15

4313 2981 4433 3035 20
