4975 6149
1487 444 1662 522 262
2026 429 2127 514 C.
2244 422 3077 513 CORNELII
3192 421 3767 515 TACITI

1192 634 1437 686 ΕΞ
1481 598 1769 689 officio
1808 592 2412 705 exsequiarum:
2453 589 2673 702 quod
2719 590 3070 706 primum
3119 591 3515 678 indicium
3568 588 3812 697 mali,
3867 620 4132 709 neque
4178 598 4268 685 in

1209 715 1432 769 *⁹⁰⁸⁰*
1484 728 1830 842 longum
1893 718 2232 806 dilatum
2292 720 2426 804 est.
2497 717 2663 803 Sed
2706 715 3026 805 Silanus
3071 730 3093 766 ¹
3171 720 3533 811 additur:
3571 716 3806 806 nullo
3865 726 4208 809 crimine
4234 787 4267 829 ‚

1243 812 1392 873 818.

1251 926 1396 976 J.C.

1269 1017 1376 1091 65.

1486 858 1630 942 nisi
1658 851 1882 967 quod
1909 849 2207 933 Caffius
2244 846 2533 963 opibus
2570 847 2895 931 vetustis
2926 906 2953 951 ‚
2986 855 3070 932 ὅ(
3106 852 3500 962 gravitate
3537 877 3860 935 morum
3886 911 3916 952 ,
3943 851 4267 937 Silanus

1486 980 1968 1071 claritudine
2019 977 2335 1089 generis
2361 1034 2390 1079 ,
2457 982 2542 1057 &
2593 970 2946 1059 modest&⁴
2997 970 3331 1083 juventa
3355 1036 3382 1079 ‚
3437 971 4034 1089 praecellebant.
4094 981 4265 1092 Igi-

1486 1139 1620 1199 tur
1692 1099 1928 1192 missa
1983 1104 2085 1189 ad
2153 1103 2522 1188 senatum
2586 1103 2954 1206 oratione
2978 1161 3007 1206 ,
3070 1137 3117 1180 «
3157 1102 3699 1188 removendos
3752 1134 3799 1189 a
3846 1101 4269 1221 re‘public‘a⁴
4382 1133 4434 1216 ς

1485 1237 1931 1349 »utrosque
1956 1267 2002 1311 »
2042 1230 2423 1316 differuit.
2454 1226 3078 1342 Objefilavitque
3120 1230 3384 1316 Cassio
3409 1289 3436 1334 ‚
3476 1264 3523 1308 α
3563 1231 3785 1343 quod
3827 1234 4040 1319 inter
4065 1237 4266 1321 ima-

1487 1369 1783 1480 »gines
1845 1358 2242 1470 majorum
2266 1417 2295 1461 ‚
2334 1360 2579 1442 etiam
2603 1357 2719 1443 .C.
2751 1357 2991 1442 Caffii
3028 1368 3058 1404 ²
3097 1358 3455 1473 effigiem
3495 1357 3864 1444 coluiffet
3892 1423 3922 1464 ,
3964 1364 4077 1446 ita
4135 1364 4265 1445 in-

1487 1494 1984 1607 »scriptamz
2034 1511 2165 1570 Du
2189 1488 2282 1569 εἰ
2322 1510 2813 1570 ΡΑιζΤιυΜ.
2856 1488 3188 1603 Quippe
3231 1487 3537 1571 semina
3576 1483 3791 1571 belli
3833 1484 4097 1572 civilis
4121 1547 4150 1592 ,
4181 1498 4268 1574 ὅτι

1488 1619 2092 1704 »defeffionem
2165 1644 2210 1698 a
2264 1612 2513 1699 domo
2573 1613 2975 1699 Caesarum
3048 1616 3469 1727 quaefitam.
3539 1612 3669 1698 Ac
3719 1644 3826 1698 ne
3879 1611 4267 1701 memorii

1488 1750 1869 1831 »tantum
1906 1742 2189 1827 infensi
2219 1745 2572 1826 nominis
2609 1750 2631 1802 ³
2699 1742 2800 1827 ad
2838 1741 3275 1829 discordias
3317 1765 3726 1847 uteretur,
3764 1742 4264 1858 adsumpfiffe
4336 1766 4438 1826 10

1487 1874 1654 1957 »L
1710 1852 2130 1974 Silanum',
2173 1866 2554 1977 juvenem
2595 1898 2895 1982 genere
2960 1866 3375 1979 nobilem,
3429 1874 3703 1956 animo
3732 1895 4214 1987 praeruptum
4240 1927 4271 1975 ‚

1489 2030 1797 2114 »quem
1860 2001 2094 2085 novis
2157 1994 2392 2082 rebus
2433 2000 2865 2084 ostentaret
2893 1998 2983 2083 ι’».

1620 2127 1891 2215 VIII.
1956 2127 2272 2206 IPsUM
2339 2125 2640 2208 dehinc
2708 2122 3077 2209 Silanum
3137 2127 3546 2240 increpuit
3607 2125 3890 2207 iisdem
3918 2183 3946 2228 ,
3988 2123 4277 2235 quibus

1492 2280 1873 2371 patruum
1922 2246 2094 2358 eju's
2153 2248 2662 2359 Torquatum
2697 2260 2778 2354 4,
2857 2285 2902 2326 «
2940 2278 3352 2359 tamquam
3407 2249 3870 2363 disponeret
3916 2247 4077 2356 jam
4120 2254 4277 2331 im-

1492 2382 1761 2496 »perii
1817 2407 2045 2462 curas
2067 2435 2096 2480 ,
2145 2376 2745 2490 praeficeretque
2775 2374 3222 2461 rationibus
3253 2435 3280 2480 ‚
3313 2371 3727 2460 &libellis
3748 2434 3777 2479 ,
3810 2384 3892 2459 ὅτ
3918 2374 4275 2490 epistolis
4350 2386 4377 2441 ¹
4399 2384 4440 2464 5

1395 2550 1402 2555 ·
1491 2504 1893 2590 »libertos
1926 2533 2015 2601 »3
2053 2505 2322 2586 inania
2350 2497 2578 2584 simul
2620 2510 2701 2586 δε
2727 2501 2968 2588 falsa:
3003 2533 3190 2605 nam
3223 2500 3545 2588 Silanus
3581 2504 3974 2587 intentior
4009 2528 4282 2606 metu,

1496 2642 1584 2718 δε
1616 2634 1869 2718 exitio
1913 2632 2176 2746 patrui
2213 2630 2314 2714 ad
2351 2631 2969 2744 praecavendum
3019 2633 3443 2715 exterritus
3475 2654 3669 2715 erat.
3706 2629 4037 2717 Inducit
4060 2630 4278 2744 post-

1496 2762 1658 2844 hac
1725 2752 2135 2844 vocabulo
2209 2756 2630 2860 indicum,
2703 2761 2842 2868 qui
2903 2761 2990 2839 in
3047 2757 3552 2871 Lepidams,
3600 2753 3838 2837 Cassii
3883 2776 4282 2860 uxoremj

1497 2882 1756 2973 Silani
1782 2887 2114 2970 amitam
2134 2942 2163 2987 ,
2209 2884 2658 2967 «incestum
2686 2914 2875 2967 cum
2899 2884 3160 2967 fratris
3185 2878 3359 2965 filio
3378 2878 3415 2926 ⁶
3450 2890 3534 2966 ὅ(
3560 2882 3777 2967 diros
3806 2880 4212 2966 sacrorum
4242 2891 4274 2939 ⁷

1497 3014 1764 3098 »ritus
1806 3048 1853 3090 >2
1928 3010 2519 3121 confingerent.
2590 3007 3212 3116 Trahebantur,
3270 3034 3363 3095 ut
3414 3006 3795 3113 conscii,
3849 3005 4278 3102 Vulcatius
4336 3028 4450 3089 20

1499 3135 1883 3224 Tullinus
1924 3133 1955 3184 ⁸
1976 3197 2009 3244 ‚
2047 3169 2142 3224 ac
2182 3133 2633 3222 Marcellus
2688 3136 3123 3223 Cornelius
3164 3147 3199 3200 ⁹
3222 3197 3254 3242 ‚
3308 3137 3764 3241 senatores,
3814 3143 3898 3220 ὅ(
3941 3133 4283 3253 Calpur-

1502 3383 1717 3466 legum
1738 3381 1964 3465 peritii
1994 3381 2310 3475 &opibus
2334 3380 2854 3448 celeberrimum:
2939 3382 3003 3444 ὓ·
3033 3381 3248 3522 ἰιζΙὶξηε
3283 3382 3358 3466 est
3377 3383 3661 3465 ,statuam
3694 3382 3754 3443 in
3784 3381 3912 3459 foro
3956 3382 4141 3460 populi
4171 3384 4287 3447 Ilo-³

1501 3465 1584 3527 de
1635 3484 1764 3545 quo
1812 3467 2148 3527 Suetonius
2188 3482 2258 3523 m
2304 3463 2457 3525 Ner.
2516 3465 2855 3540 XXXVII,
2932 3482 3085 3524 mant
3158 3461 3355 3540 abere,
3399 3467 3559 3543 qudm
3587 3481 3806 3540 ponere.

1501 3543 1829 3622 objectum
1884 3539 2060 3622 Cafflo
2108 3539 2367 3622 Longino
2388 3587 2408 3616 ,
2441 3540 2856 3622 juristonsulto,
3012 3553 3037 3583 ²
3084 3544 3160 3606 C.
3216 3544 3492 3620 CAssn]
3533 3542 3665 3630 Qui
3710 3541 3944 3606 Julium
3984 3544 4286 3609 cesarem

1502 3642 1577 3686 ac
1621 3619 1917 3681 luminibus
1955 3618 2180 3696 orbato,
2223 3617 2362 3714 quod
2396 3618 2457 3679 in
2495 3637 2679 3683 vetere
2713 3642 2860 3702 gen·
2936 3620 3354 3687 interfecerat.

1500 3699 1885 3780 rilistemmate
1922 3697 2054 3760 Caii
2081 3697 2246 3780 Caffli
2272 3698 2595 3780 percufforis
2619 3699 2862 3781 Coefizris
3020 3713 3042 3759 3
3090 3705 3334 3767 luseum
3366 3722 3630 3772 numius
3678 3704 3708 3778 3
3755 3702 3850 3765 Ac
3901 3722 3984 3765 ne
4043 3704 4288 3765 tantum

1499 3779 1781 3861 imagines
1853 3777 2170 3861 restituiffet.
2218 3776 2542 3843 ‚Iuvenalis
2601 3800 2862 3862 quoque
2940 3781 3187 3846 infenso
3218 3783 3295 3845 C.
3338 3780 3520 3846 Caffii
3544 3779 3807 3844 nomine
3848 3781 3929 3843 ad
3954 3780 4289 3845 discordias

1501 3861 1565 3924 X
1583 3904 1606 3936 ‚
1645 3879 1741 3940 15.
2939 3878 3258 3936 uteretur,
3287 3858 3672 3940 adsumpfiffe
3713 3860 3792 3920 L.
3822 3859 4126 3923 Silanum.

3018 3952 3051 3996 4
3090 3940 3571 4014 Τοιιρωιτυκ]
3619 3939 3717 4002 De
3761 3957 3891 4017 quo
3939 3939 4172 4003 diestum
4212 3937 4291 4002 est

2941 4023 3117 4103 supra
3149 4019 3375 4081 Annal.
3410 4020 3561 4090 XV,
3604 4037 3629 4093 3
3646 4037 3700 4097 5.
3833 4094 3843 4105 ·

3024 4110 3042 4155 5
3090 4100 3157 4158 Iu
3188 4100 3493 4158 Lemoni
3520 4095 3550 4170 ]
3573 4093 3745 4157 Junii
3781 4095 3982 4161 Silani
4014 4097 4294 4162 &AEmi-

2937 4176 3037 4239 liae
3086 4175 3342 4255 Lepidae
3374 4172 3603 4239 filiam.
3644 4175 3809 4252 Vide
3834 4178 4111 4241 Stemma
4150 4180 4293 4242 Cae·

1503 4287 1510 4294 ·
2265 4335 2270 4336 ἶ
2934 4257 3133 4318 sarum
3156 4301 3177 4330 ,
3214 4274 3388 4323 num.
3415 4260 3521 4333 64.
3810 4295 3820 4308 ·

1502 4333 1668 4402 Vide
1696 4339 1970 4401 Stemma
2005 4336 2312 4401 caesarum
2335 4379 2355 4408 ,
2399 4355 2575 4398 num.
2608 4340 2714 4416 65.
3013 4336 3042 4392 ⁶„
3086 4336 3236 4397 Cum
3258 4355 3514 4397 rums
3538 4339 3760 4426 nuo]
3788 4332 3997 4400 Lucio
4023 4333 4244 4399 Silano
4267 4346 4297 4413 ,‘

1585 4426 1605 4456 ¹
1650 4418 1970 4494 Suanos]
2014 4413 2246 4478 Lucius
2282 4413 2527 4477 Silanus
2558 4416 2860 4494 Torqua·
2933 4415 3107 4491 cujus
3155 4413 3399 4494 Lepida
3441 4431 3573 4478 erat
3622 4432 3834 4493 amita.

1501 4509 1638 4571 tus,
1662 4510 1926 4576 atnepos
1967 4492 2218 4575 Augusti
2244 4541 2263 4570 ,
2306 4493 2376 4557 &
2420 4493 2665 4572 sanguis
2704 4490 2856 4555 ulti·
3012 4505 3040 4548 ⁷
3084 4495 3438 4559 SAcnonuu
3465 4499 3495 4573 ]
3523 4495 3938 4575 Magicorum.

1502 4573 1843 4637 mus.Vide
1867 4578 2143 4637 Stemma
2168 4573 2476 4636 Caesarum
2500 4620 2520 4648 ,
2551 4592 2729 4636 num.
2760 4590 2858 4652 59.
3014 4572 3040 4616 ⁸
3083 4577 3449 4640 Vinea-mus
3486 4576 3843 4638 Tur-uuus·
3898 4575 4088 4635 Forte
4126 4568 4295 4633 vnl-

1503 4651 1650 4727 Ejus
1690 4651 1942 4716 statuam
1989 4652 2059 4714 in
2099 4651 2245 4716 foro
2290 4672 2328 4715 a
2362 4651 2617 4716 Titinio
2662 4652 2860 4733 Capi—
2934 4654 3129 4718 catius
3160 4655 3594 4726 Tertullinus,
3636 4668 3707 4715 ut
3759 4652 3794 4712 s
3851 4652 4089 4731 picatur
4143 4649 4296 4732 Lip-

1502 4743 1660 4790 tone
1692 4731 1898 4808 postea
1936 4730 2200 4812 pofitam
2243 4747 2558 4795 memorat
2578 4730 2858 4808 Plinius,
2930 4732 3070 4798 fius.
3109 4732 3276 4798 Vide
3316 4732 3480 4796 infra
3518 4725 3670 4794 Hist.
3697 4732 3781 4796 IV
3810 4776 3831 4805 ,
3869 4751 3935 4805 9.

1501 4807 1555 4866 1.
1579 4807 1691 4885 Ep.
1744 4828 1836 4888 ¹7·
1865 4809 2134 4870 Redditus
2178 4832 2208 4872 e
2286 4809 2360 4875 L.
2404 4809 2606 4872 Silano
2648 4809 2863 4872 debitus
3010 4825 3039 4866 9
3083 4815 3465 4878 Macestus
3508 4812 3872 4878 commus
3910 4811 3940 4885 ]
3990 4806 4040 4864 Α
4088 4806 4298 4870 Galba

1503 4882 1708 4961 honor,
1749 4886 1904 4966 cujus
1924 4888 2176 4950 immorta
2198 4891 2328 4952 itari
2357 4888 2559 4968 Capito
2587 4891 2863 4971 prospexit
2934 4891 3003 4954 in
3048 4891 3347 4973 Hispania
3383 4887 3614 4953 deinde
3647 4886 3908 4953 occisus.
3933 4882 4107 4949 Infra
4143 4886 4296 4951 nist.

1497 4961 1716 5040 pariter
1743 4963 1805 5028 ὓ
1820 4963 1947 5048 fitoe
1969 4991 1990 5026 ··
2028 4987 2199 5050 neque
2224 4970 2372 5036 enim
2400 4970 2585 5060 magis
2607 4969 2859 5039 decorum
2937 4974 3006 5053 Ι,
3034 4992 3135 5053 37.

1568 3993 1876 4061 Temporibus
1895 3998 1926 4048 d
1931 3995 2020 4049 iris
2036 3996 2214 4066 igitur,
2224 3999 2428 4068 Juffiaque
2447 3998 2662 4052 Neronis
2680 4013 2702 4059 ‚·

1569 4063 1869 4130 Longinum,
1890 4066 1944 4115 <7
1963 4083 2162 4132 magnos
2184 4069 2376 4120 Senecoe
2406 4068 2677 4133 pra-:iiviris
2705 4067 2863 4119 hortos

1574 4127 1788 4194 clandit.
1807 4133 1860 4184 ὁ·
1880 4135 2105 4202 egregias
2132 4135 2478 4188 Lateranorum
2508 4129 2683 4197 obfidet
2704 4135 2829 4186 cedes

1570 4195 1692 4250 Tota
1720 4199 1901 4250 cohors.
2486 4218 2495 4232 ⁸
