4975 6149
931 470 1092 553 AD
1141 455 1595 554 LIBRUM
1640 464 1832 552 xv.
1886 465 2170 554 ANN.
2210 468 2306 553 c,
2357 466 3175 556 coRN TAcr1‘1.
3293 499 3466 580 505⁹

695 609 1329 722 Inscriptionibus.
1390 623 1498 697 At
1561 622 1663 698 ob
1727 621 2127 698 claritatem
2169 620 2606 712 nominis&
2661 619 2942 696 Pisonis
3002 622 3466 700 nobilitatem

701 744 896 797 certa
933 721 1222 798 videtur
1268 723 1714 798 Beroaldina
1763 721 2208 797 emendatio.

803 822 1208 898 Dom‘rms
1263 825 1510 919 Smus
1568 829 1604 916 ]
1665 820 1777 895 Ita
1824 822 1980 897 ΜΠ.
2024 819 2232 895 Harl.
2267 817 2485 894 Bodl.
2519 817 2661 896 Jes.
2698 819 3059 895 Mendose
3093 820 3228 899 Ms.
3262 825 3468 903 Flor.

695 924 870 998 Silus
894 950 925 1009 ;
972 921 1208 997 editio
1243 921 1584 1025 princeps
1608 975 1631 1012 ,
1681 923 1934 1010 Sillus;
1975 917 2416 996 Puteolanus
2441 974 2464 1010 ‚
2496 919 2718 1017 filius.

804 1123 1019 1201 CAP.
1073 1120 1223 1198 LX.
1294 1123 1930 1199 Comunuroms
1995 1146 2501 1200 maumas-rum
2574 1131 2611 1218 ]
2677 1123 3098 1221 Manifestum
3167 1126 3361 1201 abest
3429 1153 3474 1202 a

704 1221 864 1298 Mff.
906 1222 962 1297 F
967 1223 1102 1298 lor.
1149 1230 1219 1297 δε
1266 1221 1403 1299 Jes.
1448 1224 1823 1299 Immerito
1876 1225 2307 1300 Gronovius
2353 1221 2680 1299 omiffum
2720 1221 2947 1298 vellet
2971 1280 2994 1315 ‚
3044 1223 3474 1328 refraganti-

708 1324 844 1399 bus
884 1322 1140 1400 ceteris
1182 1322 1383 1398 libris
1424 1321 1702 1424 scriptis
1741 1331 1810 1401 &
1849 1323 2086 1400 editis.
3570 1367 3577 1372 ·

804 1418 966 1497 UT1
1022 1446 1337 1498 VISERET
1391 1429 1426 1515 ]
1488 1426 1600 1518 Ita
1634 1423 1789 1499 Mss.
1837 1425 2037 1500 Flor.
2083 1423 2300 1500 Bodl.
2353 1423 2497 1501 Jes.
2554 1423 2799 1499 Guelf.
2844 1421 3228 1501 Editiones
3268 1442 3476 1503 vete-

706 1546 817 1599 res
861 1529 931 1598 δε
975 1526 1436 1598 recentiores.
1491 1523 1941 1618 Beroaldus,
2000 1549 2093 1598 ut.

805 1626 1156 1698 Gssamus
1216 1623 1597 1700 SlrvANUs
1648 1633 1683 1720 ]
1742 1623 1900 1698 Mff.
1966 1623 2173 1714 Harl.
2243 1621 2462 1718 Bodl.
2507 1622 2649 1697 Jes.
2698 1625 3009 1700 Gravius.
3051 1623 3184 1698 Ms.
3242 1623 3474 1703 corb.

707 1724 1020 1796 Sillanus.
1065 1721 1275 1797 Idem
1319 1723 1454 1797 Ms.
1503 1724 1731 1799 Corb.
1778 1749 1937 1826 cap.
1985 1749 2112 1822 71.
2158 1726 2364 1798 Gaius
2405 1724 2687 1797 Silanus.
3488 1805 3493 1810 ,

803 1824 1275 1897 SUBURBANO
1332 1849 1539 1900 num-2
1596 1833 1633 1919 ]
1684 1822 2159 1900 Nomentano
2194 1881 2214 1914 ,
2260 1842 2342 1897 ut
2380 1820 2531 1895 dixi
2585 1822 2663 1896 in
2713 1823 2973 1911 Notis,
3037 1828 3106 1897 &
3145 1841 3229 1896 ut
3263 1820 3480 1898 testa-³

709 1936 826 1992 tur
863 1925 1108 1996 austor
1150 1923 1277 2035 qui
1314 1923 1540 1998 vitam
1587 1927 1884 2000 Senecae
1925 1925 2061 1998 seri
2119 1923 2221 2000 fit.
2264 1921 2493 1997 Aliud
2524 1922 2659 1997 fuit
2694 1920 3240 1996 Nomentanum
3283 1921 3482 1998 deci-

712 2044 838 2094 mo
884 2021 974 2094 ab
1015 2021 1235 2096 Urbis
1274 2022 1519 2123 lapide
1547 2080 1569 2114 ,
1617 2023 1746 2098 ubi
1784 2024 2074 2125 percele
2129 2048 2238 2098 res
2281 2023 2576 2097 Seneeae
2620 2022 2806 2097 vites
2835 2078 2855 2110 ‚
2906 2021 2996 2095 de
3047 2021 3303 2123 quibus
3349 2020 3484 2094 Pli-

714 2120 877 2194 nius
902 2119 1080 2195 XIV
1109 2179 1130 2211 ‚
1183 2148 1258 2219 4.
1279 2127 1565 2198 Locum
1595 2126 1792 2199 hunc
1819 2182 1839 2214 ‚
1867 2125 2041 2200 licet
2066 2123 2288 2223 paulo
2319 2122 2617 2223 longior
2644 2122 2724 2196 fit
2749 2178 2769 2211 ‚
2791 2121 2990 2223 quod
3013 2120 3088 2193 in
3135 2146 3228 2195 eo
3254 2119 3483 2194 multa

714 2216 850 2292 fint
893 2220 1348 2295 librariorum
1389 2223 1411 2293 i
1471 2222 1743 2321 srusque
1790 2223 2156 2299 Harduini
2205 2241 2434 2296 errata
2463 2277 2483 2309 ‚
2529 2221 2877 2296 referam:
2922 2245 3198 2294 errores
3242 2244 3489 2294 emen-

718 2315 1007 2390 daturus
1034 2373 1055 2405 ,
1105 2319 1303 2389 fimul
1347 2345 1394 2390 u
1429 2344 1510 2390 us
1546 2322 1931 2420 moresque
1966 2322 2233 2393 horum
2266 2340 2680 2417 temporum
2712 2343 2797 2391 ac
2829 2343 2940 2392 res
2973 2321 3267 2393 Senecae
3300 2316 3490 2391 illus-

714 2435 1043 2490 uraturuS.
1082 2419 1161 2487 In
1206 2415 1421 2513 nostrd
1463 2438 1651 2491 aetate
1692 2446 1899 2513 pauca
1943 2422 2238 2514 exempla
2295 2421 2738 2515 consummatae
2783 2421 2962 2513 hujus
3023 2424 3181 2489 artis
3233 2416 3491 2492 colen-

720 2513 972 2588 darum
1012 2515 1270 2594 vitium
1288 2518 1482 2613 fuere
1509 2547 1538 2589 .·
1586 2521 1810 2595 veriam
1857 2546 1925 2592 eo
1968 2523 2177 2593 minus
2223 2518 2576 2592 omittenda
2603 2571 2624 2607 ,
2672 2540 2745 2591 ut
2791 2518 3128 2610 nost-antur
3171 2522 3438 2610 praemia
3464 2541 3499 2606 ,*

718 2640 854 2713 quae
903 2621 970 2686 in
1016 2620 1188 2686 omni
1223 2641 1287 2687 re
1331 2620 1612 2688 maxime
1632 2620 2028 2712 speciantur.
2067 2621 2394 2692 Summam
2427 2644 2575 2713 ergo
2608 2617 2871 2712 adeptus
2906 2613 2994 2713 est
3020 2617 3301 2713 gloriam
3336 2622 3497 2688 Aci-

722 2715 848 2783 lius
891 2715 1265 2800 Sthenelus,
1313 2740 1343 2784 e
1376 2716 1556 2808 plebe
1598 2717 1899 2788 libertinli
1927 2769 1949 2802 ‚
2010 2719 2140 2786 LX
2160 2723 2470 2813 jugerum
2523 2739 2648 2786 non
2690 2717 2966 2810 amplius
3011 2711 3215 2786 vineis
3262 2717 3494 2787 excul-

723 2818 807 2883 tis
855 2815 922 2882 in
964 2815 1365 2885 Nomentano
1408 2838 1566 2909 agro
1596 2864 1617 2899 ,
1667 2835 1853 2910 atque
1911 2830 2123 2892 CCCC
2170 2813 2499 2883 nummiim
2547 2815 2975 2885 venumdatis.
3018 2809 3239 2886 Error
3296 2814 3496 2889 certe

722 2908 824 2984 est
844 2909 918 2982 in
937 2935 1168 2995 cccc
1190 2912 1582 2998 nummum,
1618 2911 1742 2985 seu
1764 2907 2353 3012 quadringenties
2371 2909 2697 2984 centenis
2728 2909 3044 2983 millibus
3078 2913 3444 2986 nummum
3469 2968 3495 3002 ‚

725 3009 852 3112 qui
899 3009 1265 3087 efficerent
1300 3009 1604 3085 Gallicae
1649 3029 1968 3087 monetae
2003 3007 2220 3084 libras
2266 3013 2719 3103 7‚782,010.
2764 3007 2971 3084 Olim
3011 3008 3227 3084 fuerit
3267 3010 3497 3111 scrip-

722 3130 878 3183 tum
923 3134 1154 3196 cccc
1185 3112 1326 3199 Η-ἕ,
1366 3110 1444 3184 id
1480 3110 1585 3185 est
1625 3109 2153 3214 quadringenta
2189 3109 2421 3185 millia
2465 3110 2834 3183 nummum
2861 3164 2882 3198 ‚
2913 3108 3220 3182 Gallicae
3246 3133 3501 3184 mone-

723 3229 819 3283 tae
863 3208 1065 3284 librae
1107 3211 1270 3285 sunt
1312 3213 1627 3305 77,812.
1671 3217 1925 3312 Magna
1956 3213 2150 3310 fama
2201 3214 2276 3286 ἓν
2322 3213 2629 3287 Vetuleno
2687 3211 2960 3306 AEgialo
2992 3208 3255 3303 perinde
3302 3210 3501 3282 liber-

728 3315 864 3383 tino
897 3312 1040 3409 fuit
1069 3366 1091 3398 ,
1138 3318 1205 3383 in
1238 3315 1605 3406 Campaniae
1639 3340 1783 3386 rure
1826 3316 2160 3386 Liternino
2188 3367 2213 3402 ‚
2267 3318 2593 3411 majorque
2638 3314 2831 3382 etiam
2857 3309 3097 3406 favore
3130 3309 3450 3381 hominum
3473 3365 3498 3399 ,

772 3417 1024 3482 uoniam
1047 3413 1161 3507 ips
1146 3420 1252 3482 um'
1259 3412 1563 3506 Africani
1584 3414 1825 3485 colebat
1841 3413 2161 3511 exsilium.
2187 3413 2309 3485 Sed
2328 3417 2643 3498 maxima,
2670 3409 2938 3508 ejusdem
2960 3409 3242 3480 Stheneli
3269 3410 3458 3503 operti
3475 3463 3500 3498 ,

727 3437 1060 3580 {Memmio
1083 3513 1477 3599 Palaemoni,
1506 3514 1678 3584 alids
1701 3512 2151 3585 Grammaticd
2172 3537 2310 3585 arte
2327 3513 2575 3598 celebri,
2600 3516 2668 3583 in
2692 3510 2850 3605 hisce
2872 3508 3006 3578 XX
3015 3512 3200 3578 annis
3224 3504 3509 3582 mercato'

728 3634 837 3705 rus
852 3616 977 3688 DC
993 3610 1318 3681 nummum
1342 3617 1409 3681 in
1431 3612 1637 3684 eodem
1662 3618 2068 3685 Nomentano
2092 3614 2316 3685 decimi
2348 3610 2579 3706 lapidis
2613 3614 2692 3682 ab
2717 3610 2885 3681 Urbe
2909 3607 3311 3679 diverticulo.
3345 3607 3499 3683 No·-

727 3731 861 3780 vus
884 3711 1617 3790 errorfi'fjnummfim
1645 3767 1664 3800 ‚
1719 3712 1845 3788 seu
1891 3710 2289 3786 sexcenties
2333 3731 2642 3785 centena
2657 3706 2886 3781 millia
2924 3706 3291 3780 nummum
3320 3762 3339 3795 ,
3373 3707 3504 3810 qui

731 3804 1100 3881 efficerent
1150 3806 1460 3883 Gallicae
1492 3832 1808 3885 monetae
1849 3812 2064 3885 libras
2109 3837 2137 3884 1
2161 3816 2599 3910 1,673,015.
2652 3804 3186 3907 Corrigendum
3210 3826 3329 3890 Dc
3362 3813 3509 3890 ΗΞ,

729 3903 812 3977 id
840 3903 938 3978 est
958 3905 1292 3981 sexcenta
1307 3908 1539 3983 millia
1560 3912 1929 3983 nummum
1953 3968 1974 4000 ‚
2011 3909 2317 3987 Gallicae
2342 3929 2659 3986 monetae
2689 3906 2892 3982 librae
2936 3904 3099 3980 sunt
3139 3930 3217 3979 rr
3239 3906 3409 4001 6‚71
3429 3909 3501 3980 8.

736 4003 829 4076 Id
859 4025 1063 4103 patet
1093 4032 1181 4081 ex
1238 4032 1314 4081 re
1344 4007 1502 4107 ipsa
1532 4064 1555 4098 ,
1587 4015 1656 4083 &
1690 4009 1975 4087 vilitate
2007 4010 2263 4085 mercis
2284 4066 2305 4100 ,
2359 4009 2450 4085 de
2497 4009 2639 4111 quii
2672 4033 2846 4082 mox
2890 4005 3186 4079 Plinius.
3236 4006 3351 4104 Est
3384 4033 3511 4079 au·-

735 4124 862 4176 tem
913 4108 1336 4206 usquequaque
1373 4131 1526 4180 nota
1558 4112 1785 4183 vilitas
1814 4116 2036 4184 mercis
2077 4138 2195 4211 per
2225 4117 2440 4184 omnia
2454 4111 2829 4207 suburbana
2848 4162 2870 4197 ,
2907 4109 3013 4181 ubi
3044 4130 3255 4179 tamen
3287 4112 3510 4178 maxi·-

734 4227 846 4274 ma
868 4253 889 4287 ,
940 4210 1238 4300 quoniam
1268 4209 1343 4278 Er
1376 4209 1661 4304 negletffa
1682 4237 1799 4304 per
1827 4214 2301 4311 indiligentiam
2339 4212 2592 4306 praedia
2612 4232 2973 4305 paraverat
3002 4263 3023 4296 ,
3080 4234 3153 4279 ac
3183 4233 3258 4278 ne
3290 4212 3357 4276 in
3379 4206 3509 4300 pes-'-

715 4300 905 4398 fimis
945 4302 1195 4400 quidem
1231 4305 1637 4401 elegantioris
1649 4310 1806 4402 soli.
1855 4316 2009 4385 Haec
2039 4312 2355 4411 aggreffits
2397 4312 2681 4383 excolere
2706 4364 2726 4397 ‚
2787 4333 2910 4379 non
2956 4313 3201 4378 virtute
3255 4309 3511 4393 animij

721 4402 841 4499 fid
873 4405 1165 4474 vanitate
1182 4407 1391 4495 primo
1419 4457 1440 4489 ,
1474 4430 1612 4501 quoe
1642 4430 1794 4479 nota
1848 4412 2003 4482 mire
2037 4417 2105 4482 in
2148 4414 2264 4483 illo
2293 4411 2440 4507 fuit
2461 4465 2482 4499 ‚
2527 4409 2866 4506 pastinatis
2915 4404 2990 4476 de
3027 4411 3275 4499 integro
3304 4408 3511 4477 vineis

737 4501 894 4574 curti
940 4503 1269 4589 Stheneli,
1306 4499 1456 4572 dum
1493 4506 1846 4598 agricolam
1892 4515 2236 4595 imitatur,
2266 4512 2350 4581 ad
2407 4516 2531 4583 vix
2581 4507 2870 4580 credibile
2924 4506 3304 4576 miraculum
3353 4530 3517 4601 pet·-

735 4602 931 4675 duxit
958 4655 979 4689 ,
1021 4607 1197 4672 intra
1226 4602 1521 4674 oclavum
1555 4626 1794 4673 annum
1835 4605 2047 4679 &CCC
2085 4608 2410 4679 nummum
2446 4612 2713 4698 emptori
2744 4603 3007 4676 addin
3030 4604 3334 4696 pendente
3360 4608 3514 4676 vin-

740 4700 973 4773 demid.
1020 4698 1239 4775 Error
1295 4700 1535 4776 adhuc
1580 4700 1776 4774 idem
1807 4757 1827 4789 ‚
1859 4701 1950 4778 de
1983 4728 2131 4801 quo
2175 4704 2384 4801 supra
2414 4704 2587 4776 dixi.
2627 4703 2792 4778 Nec
2834 4702 3070 4778 &CC-C
3098 4704 3464 4777 nummum
3492 4753 3518 4785 ‚

738 4798 861 4872 seu
922 4799 1507 4901 quadringenties
1558 4822 1869 4888 centena
1909 4802 2140 4876 millia
2180 4802 2594 4890 nummum,-
2641 4801 2769 4876 sed
2827 4803 3058 4869 CCCC
3099 4804 3242 4892 Ἡ-ε,
3287 4803 3364 4875 id
3420 4800 3523 4874 est

742 4897 1273 5003 quadringenta
1313 4900 1543 4978 millia
1576 4901 1950 4981 nummum
1992 4899 2451 4980 scribendum
2472 4957 2499 4998 ,
2535 4926 2629 4982 ne
2661 4902 3089 5005 miraculum
3134 4903 3263 4978 fiat
3289 4898 3525 4978 monss

993 5041 1208 5131 Tom.
1269 5045 1387 5134 II.
2964 5046 3158 5138 Sss
