4975 6149
862 372 1678 469 ANNALIUM
1740 371 2196 464 LIBER
2257 377 3260 478 DuoDEciMus.
3348 385 3469 501 187

674 540 875 636 »seu
925 550 1167 633 Nero
1207 543 1630 658 potiretur.
1666 542 1977 627 Verum
2016 543 2130 627 ita
2175 543 2275 628 de
2317 544 2400 628 se
2454 550 2835 635 meritum
2875 553 3268 641 Caesarem
3289 619 3321 666 ,
3374 587 3470 646 ut
3514 593 3750 638 Ξε-

668 680 988 762 »vitam
1017 673 1200 756 usui
1226 667 1397 779 ejus
1427 669 1959 783 impenderet.
1986 668 2471 756 ConviEtam
2500 674 3013 765 Meffalinam
3038 690 3123 766 δε
3147 686 3465 777 Silium.
3512 677 3655 730 ‘⁴⁹⁰'
3677 676 3744 725 ε’

669 807 969 890 »Pares
1022 803 1323 885 iterum
1409 794 1846 881 accusandi
1913 797 2185 883 causas
2233 798 2431 905 effe,
2511 803 2570 882 fi
2637 806 2871 889 Nero
2942 812 3463 925 imperitaret.
3554 775 3704 853 807.

668 930 1214 1016 »Britannico
1283 922 1777 1027 success‘ore,
1850 922 2169 1008 nullum
2238 927 2600 1044 Principi
2653 936 3096 1020 meritum:
3156 973 3253 1028 ac
3307 976 3462 1031 no-
3552 892 3707 1066 ‘'J-45⁹

476 1066 481 1069 ’
563 1078 614 1160 5
672 1087 990 1145 »vercae
1061 1053 1362 1138 insidiis
1428 1051 1769 1135 domum
1834 1080 2166 1136 omnem
2231 1054 2649 1159 convelli,
2717 1058 3024 1169 majore
3089 1066 3404 1180 flagitio
3431 1132 3463 1178 ‚

667 1183 974 1300 »quam
1011 1182 1071 1264 fi
1095 1178 1692 1294 impudicitiam
1721 1179 2007 1292 prioris
2039 1176 2413 1293 conjugis
2452 1185 2895 1271 reticuisset
2923 1224 2940 1271 :
2970 1220 3456 1309 quamquam

671 1341 843 1396 »ne
895 1308 1490 1424 impudicitiam
1532 1305 1860 1416 quidem
1907 1336 2131 1394 nunc
2171 1306 2468 1413 abess‘e,
2499 1308 2865 1398 Pallante
2897 1315 3317 1406 adultero:
3350 1356 3458 1410 ne

676 1473 724 1517 n
743 1440 918 1552 quis
946 1433 1299 1547 ambigat
1323 1492 1353 1536 ,
1396 1434 1684 1537 decus,
1719 1434 2111 1547 pudorem
2137 1494 2165 1538 ,
2204 1465 2497 1549 corpus
2514 1496 2541 1540 ‚
2575 1444 2859 1527 cunila
2883 1473 3139 1556 regno
3165 1447 3457 1538 viliora

673 1561 1035 1649 »habere
1060 1596 1151 1645 io.
1186 1563 1396 1646 Haec
1436 1588 1674 1670 atque
1724 1560 1917 1644 talia
1965 1562 2372 1666 diffltans,
2423 1561 2795 1679 amplecii
2841 1570 3455 1684 Britannicum,

527 1717 620 1772 io
682 1688 999 1776 «robur
1052 1690 1304 1774 aetatis
1344 1684 1582 1798 quam
1624 1690 2180 1771 maturrimum
2208 1723 2253 1766 >2
2316 1695 2627 1803 precari
2672 1727 2688 1774 :
2736 1697 2989 1780 modo
3042 1699 3142 1782 ad
3198 1701 3391 1787 deos
3421 1764 3454 1810 ,

664 1818 915 1904 modo
941 1815 1049 1902 ad
1079 1815 1335 1931 ipsum
1367 1813 1701 1897 tendere
1743 1845 2023 1899 manus
2054 1875 2081 1919 ‚
2130 1850 2174 1891 c<
2206 1814 2750 1923 adolesceret,
2796 1826 3040 1936 patris
3073 1826 3451 1916 inimicos

662 1939 1223 2059 »depellerett
1259 1943 1532 2024 matris
1579 1943 1825 2025 etiam
1861 1944 2412 2028 interfeEtores
2452 1942 2978 2032 ulcisceretur
3012 1960 3035 1996 ¹
3078 1984 3165 2036 ».

794 2069 1147 2157 LXVI.
1209 2069 1324 2151 IN
1388 2094 1727 2151 TANTA
1770 2066 1989 2152 mole
2043 2100 2411 2155 curarum
2439 2131 2469 2173 ‚
2529 2070 2918 2158 Claudius
2976 2074 3449 2165 valetudine

665 2193 990 2283 adversa
1052 2197 1483 2309 corripitur
1528 2254 1559 2300 ,
1610 2195 2227 2319 refovendisque
2283 2195 2585 2280 viribus
2645 2196 2993 2285 mollitie
3062 2201 3235 2286 caeli
3263 2261 3292 2306 ,
3360 2214 3446 2289 ὃς

524 2347 602 2429 15
664 2321 1123 2409 salubritate
1177 2352 1562 2434 aquarum
1590 2381 1619 2426 ,
1673 2321 2115 2424 Sinuessam
2181 2325 2448 2437 pergit
2524 2332 2584 2407 ².
2659 2323 2873 2408 Turn
2936 2329 3385 2443 Agrippina
3414 2390 3446 2444 2

658 2448 979 2536 sceleris
1022 2449 1226 2534 olim
1266 2476 1537 2554 certa,
1588 2456 1672 2534 δε
1719 2446 2004 2534 oblatae
2052 2448 2499 2534 occasionis
2541 2479 2934 2566 propera,
2974 2482 3130 2538 nec
3166 2457 3444 2539 minis·

656 2604 964 2662 trorum
1022 2605 1270 2690 egens
1299 2636 1327 2679 ,
1379 2576 1479 2661 de
1522 2605 1814 2689 genere
1854 2579 2150 2660 veneni
2191 2574 2732 2661 consultavit:
2779 2611 2825 2654 «
2858 2609 2959 2662 ne
3008 2584 3439 2694 repentino

655 2714 803 2789 22&
846 2707 1239 2820 praecipiti
1286 2703 1599 2787 facinus
1646 2704 2159 2817 proderetur;
2201 2703 2257 2785 si
2309 2702 2624 2787 lentum
2671 2712 2755 2789 δι
2796 2704 3158 2790 tabidum
3209 2706 3436 2792 dele-

656 2831 989 2944 »gisset‚
1049 2860 1150 2914 ne
1200 2829 1567 2914 admotus
1621 2830 2003 2944 supremis
2075 2827 2463 2914 Claudius
2493 2889 2523 2935 ,
2586 2838 2670 2916 δε
2724 2828 2922 2916 dolo
2975 2830 3436 2939 intellec'to,

509 2986 617 3044 20
666 2960 830 3042 »ad
883 2987 1238 3043 amorem
1290 2953 1439 3038 filii
1492 2956 1784 3041 rediret
1813 2992 1902 3040 ».
1947 2955 2522 3067 «Exquisitum
2577 2954 2884 3068 aliquid
2912 2992 2958 3035 2>
2998 2958 3372 3074 placebat
3400 3020 3435 3066 ,

676 3120 728 3164 α
751 3085 970 3197 quod
1002 3083 1352 3170 turbaret
1394 3077 1751 3169 mentem
1774 3144 1803 3189 ,
1839 3094 1922 3169 ὃ(
1961 3112 2305 3170 mortem
2336 3086 2693 3171 differret
2718 3120 2763 3164 2>
2786 3148 2805 3169 .
2846 3083 3260 3198 Deligitur
3304 3120 3434 3182 are

656 3213 859 3298 tifex
904 3210 1239 3317 talium,
1290 3208 1701 3297 vocabulo
1741 3209 2081 3319 Locusta
2122 3222 2144 3272 ³
2182 3271 2211 3316 ,
2260 3242 2517 3324 nuper
2566 3214 2945 3297 veneficii
2991 3213 3365 3298 damnata
3396 3274 3430 3318 ,

649 3346 733 3424 ὀί
763 3340 905 3424 diu
940 3343 1150 3424 inter
1181 3341 1700 3424 instrumenta
1744 3341 1974 3451 regni
2020 3348 2059 3398 4
2112 3336 2411 3422 habita.
2448 3334 2644 3443 Ejus
2676 3334 3036 3419 mulieris
3091 3340 3429 3448 ingenio

652 3492 1017 3582 paratum
1066 3469 1329 3572 virus,
1379 3462 1607 3573 cujus
1663 3468 2016 3550 minister
2072 3495 2118 3549 e
2173 3461 2660 3580 spadonibus
2710 3462 2868 3546 fuit
2923 3458 3280 3550 Halotus
3332 3473 3361 3532 5
3394 3524 3429 3572 ,

657 3655 1016 3738 Agrippinae
1041 3677 1333 3722 novercae
1372 3655 1661 3733 infidias,
1710 3676 1846 3739 quae
1890 3658 2008 3720 do-
2081 3655 2245 3721 dieta
2288 3655 2517 3721 Graecis
2573 3655 2811 3739 Sinope
2842 3702 2863 3733 ,
2936 3655 3082 3720 urbs
3149 3669 3427 3719 extrema

658 3754 831 3799 mum
873 3757 1136 3803 omnem
1169 3736 1355 3800 tantis
1380 3735 1710 3799 sceleribus
1746 3735 2009 3799 convel-
2084 3735 2272 3799 Latii.
2308 3735 2467 3798 Plin.
2513 3737 2625 3798 111.
2674 3755 2733 3819 5.
2780 3735 2920 3800 sect.
2967 3757 3028 3812 9.
3073 3735 3262 3796 Nunc
3300 3752 3430 3795 ma-

657 3814 824 3879 lebat
848 3861 868 3891 ,
899 3815 1235 3880 utminore
1272 3814 1514 3896 flagitio
1545 3814 2004 3894 impudicitiam
2082 3830 2238 3878 nent
2292 3816 2514 3877 rudera
2576 3835 2773 3896 prope
2834 3814 3149 3878 castellum
3176 3859 3197 3889 ,
3244 3811 3426 3893 quod

658 3893 989 3984 Messalina
1080 3893 1438 3958 reticuisset.
1536 3898 2002 3984 Quamquam,
2080 3893 2371 3958 vocitant
2393 3892 2565 3955 Tor-re
2587 3892 2644 3955 di
2682 3910 2862 3957 monte
2883 3892 3183 3984 Dragone.
3218 3895 3427 3972 Aquas

658 3975 811 4052 quid
863 3973 1327 4053 impudicitiam
1365 4019 1385 4049 ‚
1435 3975 1697 4036 Nerone
1750 3972 2005 4064 impeti·
2078 3971 2461 4063 Sinueffanas
2511 3972 2815 4038 sterilitati
2878 3971 3254 4036 femmarum
3281 4017 3302 4047 ,
3354 3971 3430 4035 δε

665 4052 1253 4128 tante,accusaturus
1273 4049 1433 4114 sum!
1461 4073 1541 4115 ne
1561 4072 1728 4115 nunc
1745 4053 2003 4133 quidem
2081 4053 2365 4116 vitorum
2443 4052 2696 4115 insaniae
2768 4052 3034 4116 salubres
3107 4063 3424 4114 memorat

660 4130 824 4192 abest
866 4130 1266 4195 intoleranda
1296 4130 1648 4212 Agrippinae
1672 4130 2005 4212 impudici-
2079 4130 2316 4195 Plinius
2350 4132 2562 4193 XXXI
2587 4179 2608 4210 ,
2647 4154 2707 4194 2.

662 4206 751 4269 tia
786 4251 808 4280 ‚
840 4209 1115 4272 Pallante
1168 4210 1455 4273 adultero
1481 4257 1500 4284 ‚
1564 4210 1651 4272 ita
1699 4226 1770 4273 ut
1809 4231 2000 4275 nemo
2160 4222 2181 4265 ³
2228 4213 2532 4274 Locusta
2581 4212 2614 4288 ]
2675 4211 2775 4274 De
2826 4208 2952 4292 qua
3004 4207 3204 4271 adhuc
3258 4201 3425 4267 infr&

662 4285 938 4366 ambigat
961 4308 1098 4350 eam
1117 4288 1300 4351 decus
1324 4289 1708 4369 ,pudorem,
1740 4311 1999 4370 corpus,
2079 4291 2308 4352 Annal.
2347 4292 2496 4351 XIII
2519 4336 2540 4366 ‚
2588 4308 2687 4374 15.
3107 4361 3123 4375 .
3402 4357 3423 4373 .

660 4368 881 4427 ειιηᾶει
926 4386 1121 4446 regno
1153 4366 1387 4431 viliora
1422 4366 1671 4458 habere.
2154 4378 2187 4418 4
2224 4371 2676 4431 lusi-nummu
2709 4366 2955 4456 neci-11⁶]
2985 4365 3196 4451 Potius
3244 4378 3423 4498 refni

740 4453 758 4482 ¹
807 4446 1301 4508 Utciscaanwn
1334 4450 1363 4525 ]
1401 4449 1843 4538 Agrippinam,
1868 4446 2005 4510 Pal·
2078 4448 2303 4511 scelera
2344 4449 2414 4511 δε
2443 4463 2772 4537 portenta,
2812 4465 2923 4508 uni
2962 4438 3312 4503 Machiavel
3343 4458 3423 4513 0,

656 4519 892 4585 latitem
936 4570 956 4598 ,
997 4525 1325 4588 Neronem
1360 4572 1381 4600 ,
1431 4541 1617 4604 patris
1670 4527 1998 4601 inimicos,
2079 4525 2498 4608 improbitatis
2528 4527 2600 4589 &
2623 4524 2920 4607 nequitiae
2951 4517 3197 4582 doetori
3221 4564 3242 4595 ‚
3274 4537 3424 4598 pro-

655 4600 1036 4681 depelleret:
1079 4603 1409 4667 Messalinae
1443 4604 1633 4667 etiam
1668 4605 1879 4667 mati-is
1908 4604 2003 4665 in·
2075 4608 2240 4669 bata.

654 4677 1016 4744 terseetores
1057 4681 1475 4747 ulcisceretur.
1517 4686 1594 4745 Se
1649 4682 1814 4745 ultro
1872 4682 2001 4744 sua·
2158 4694 2178 4739 5
2225 4684 2391 4746 Furr
2432 4682 2799 4756 Histoi-us]
2848 4681 3058 4755 Quem
3108 4686 3423 4738 memorat

654 4776 779 4836 que
832 4776 1038 4822 morte
1086 4761 1338 4824 Claudii
1390 4759 1658 4842 imperio
1686 4807 1707 4837 ,
1759 4761 2004 4823 Britan·
2121 4781 2335 4841 uoque
2385 4759 2723 4822 Suetonius
2771 4760 2837 4820 in
2904 4755 3128 4845 Claud.
3189 4756 3423 4817 XLIV.

657 4834 790 4899 nici
821 4836 1002 4899 saluti
1033 4839 1530 4918 gratificandum.
2130 4855 2159 4900 t
2207 4859 2322 4918 pro
2380 4859 2559 4901 more
2609 4837 2720 4901 suo
2755 4837 2915 4902 alios
2961 4835 3267 4918 plurimos
3321 4853 3426 4896 ru·-

737 4922 765 4953 ²
804 4917 1158 4982 Sinuessam
1180 4923 1465 5000 reiicit]
1499 4918 1810 5002 Sinueffa,
1842 4915 2003 4984 olim
2076 4937 2288 4981 mores
2315 4931 2589 5000 aggerat.
