4975 6149
1495 407 1675 491 2188
2007 394 2107 480 C.
2236 386 3056 479 CORNELII
3179 379 3806 478 TACITI

1220 589 1458 635 ΞΕ
1500 561 1917 649 »seniores
1971 559 2268 662 amici,
2325 558 2596 671 quiete
2656 554 3146 671 respondere
3200 567 3256 640 ¹.
3323 557 3523 642 Hoc
3575 584 3900 666 quoque
3941 554 4027 640 in
4062 581 4288 647 tuam

1226 672 1454 725 A‘U'C·
1506 688 1917 804 »gloriam
1977 685 2215 773 cedet
2250 745 2280 794 ,
2341 713 2481 771 eos
2519 682 2622 770 ad
2663 684 2972 769 summa
3024 683 3322 771 vexisse
3348 740 3378 789 ‚
3434 686 3691 796 qui&
3716 683 4044 772 modica
4073 684 4289 777 tole-

1271 766 1423 930 {¹}
1510 853 1558 898 a>
1575 842 1844 902 rarent
1872 849 1918 893 »
1939 875 1962 899 .

1284 973 1397 1036 σι.
1636 944 1820 1030 LV.
1886 941 2035 1026 An
2089 965 2308 1041 QUAE
2358 941 2592 1026 Nero
2631 941 2736 1026 fic
2772 936 3025 1023 ferme
3061 938 3478 1054 respondit
3533 971 3553 1022 z
3630 971 3676 1014 α
3715 939 3973 1050 Quod
4024 943 4290 1028 medi-³

1506 1096 1752 1157 »tatae
1806 1070 2153 1154 orationi
2210 1094 2363 1153 tuae
2409 1069 2672 1151 statim
2719 1094 3147 1152 occurram
3178 1124 3206 1171 ‚
3250 1066 3336 1151 id
3375 1068 3725 1182 primum
3775 1069 3897 1150 tui
3924 1072 4281 1156 muneris
4398 1097 4441 1178 5

1507 1196 1837 1283 »habeo
1862 1253 1892 1300 ,
1929 1198 2065 1307 qui
2108 1224 2240 1279 me
2282 1224 2450 1278 non
2474 1198 2789 1278 tantum
2827 1194 3196 1309 praevisa,
3245 1192 3382 1277 sed
3407 1192 3666 1278 subita
3705 1194 4085 1308 expedite
4134 1197 4281 1282 do-

1507 1358 1557 1405 »
1577 1327 1828 1415 cuisti.
1866 1321 2196 1408 Abavus
2233 1348 2458 1405 meus
2485 1322 2890 1433 Augustus
2915 1322 3292 1436 Agrippae
3323 1329 3408 1405 &
3435 1322 3870 1405 Maecenati
3899 1322 4279 1437 usurpare

1505 1485 1554 1533 a>
1574 1454 1833 1538 otium
1863 1450 2034 1565 post
2068 1444 2380 1534 labores
2407 1448 2842 1545 conceffit3
2873 1447 3121 1533 sedin
3151 1444 3245 1532 ea
3295 1443 3467 1562 ipsa
3516 1436 3752 1533 *aetate
3780 1506 3811 1552 ‚
3865 1445 4095 1555 cujus
4132 1480 4280 1544 aus

1503 1581 1891 1662 »fioritas
1931 1602 2289 1660 tueretur
2312 1633 2340 1680 ‚
2389 1574 2780 1686 quidquid
2823 1571 3031 1661 illud
3072 1582 3155 1659 ὃ(
3192 1572 3779 1686 qualecumque
3820 1573 4216 1661 tribuisset
4252 1610 4273 1660 ε

1500 1730 1921 1789 »attamen
1963 1728 2341 1786 neutrum
2371 1700 2574 1787 datis
2600 1733 2644 1787 a
2673 1702 2755 1785 se
2796 1704 3135 1817 praemiis
3177 1704 3427 1786 exuit.
3466 1699 3705 1785 Bello
3751 1708 3834 1787 ὃ(
3894 1701 4274 1815 periculis
4347 1729 4449 1786 ιο

1499 1856 2047 1916 »meruerant.
2087 1830 2184 1913 In
2210 1830 2333 1912 his
2360 1831 2583 1913 enim
2608 1825 2942 1937 juventa
2965 1830 3306 1943 Augusti
3334 1830 3641 1915 versata
3676 1830 3810 1914 est.
3840 1831 4031 1914 Nec
4072 1831 4276 1912 mihi

1495 1990 1544 2037 ›)
1565 1955 1726 2043 tela
1754 1965 1837 2042 ὃ(
1871 1985 2152 2042 manus
2183 1981 2336 2040 tuae
2375 1955 2805 2041 defuissent
2826 2016 2855 2061 ‚
2894 1960 2981 2041 in
3009 1960 3249 2044 armis
3293 1960 3594 2070 agenti.
3627 1956 3790 2041 Sed
3826 1956 4047 2067 quod
4083 1985 4274 2071 prae-

1494 2084 1752 2175 »sens
1782 2084 2149 2170 conditio
2197 2081 2585 2198 poscebat
2626 2142 2657 2188 ‚
2711 2085 3069 2187 ratione,
3125 2082 3506 2188 consilio,
3546 2084 3962 2197 praeceptis
4003 2086 4279 2197 pueri-³

1492 2242 1541 2290 a>
1561 2213 1758 2293 tiam
1779 2269 1808 2313 ‚
1858 2209 2046 2293 dein
2110 2206 2529 2314 juventam
2567 2237 2830 2292 meam
2853 2267 2882 2311 ,
2921 2208 3210 2291 fovisti.
3258 2208 3366 2290 Et
3395 2235 3532 2291 tua
3562 2207 3887 2316 quidem
3917 2235 4110 2317 erga
4139 2238 4273 2293 me

1492 2364 1891 2419 »munera
1904 2396 1933 2440 ‚
1970 2334 2164 2420 dum
2203 2337 2370 2420 vita
2393 2334 2766 2450 suppetet
2793 2392 2822 2437 ,
2861 2358 3150 2418 aeterna
3184 2359 3447 2417 erunt.
3488 2334 3692 2445 Quae
3732 2363 3778 2416 a
3802 2360 3934 2415 me
3969 2329 4214 2418 habes
4240 2391 4271 2437 ‚
4347 2358 4374 2412 1
4398 2355 4442 2439 5

1491 2494 1540 2541 »
1559 2464 1819 2565 horti,
1855 2469 1937 2546 ὅ(
1962 2460 2194 2545 fenus
2207 2519 2239 2564 ‚
2269 2468 2351 2544 ὃ(
2388 2459 2600 2546 villae
2614 2519 2642 2566 ‚
2688 2457 2990 2547 cafibus
3029 2457 3389 2546 obnoxia
3413 2460 3626 2543 sunt:
3661 2490 3756 2547 ac
3785 2456 3986 2543 licet
4012 2456 4273 2545 multa

1489 2587 1982 2673 »videantur
2004 2644 2034 2691 ‚
2067 2585 2474 2702 plerique,
2528 2589 2747 2674 haud
2772 2617 3168 2700 quaquam
3199 2585 3497 2673 artibus
3528 2590 3684 2673 tuis
3715 2613 3942 2701 pares
3959 2643 3987 2688 ,
4041 2583 4271 2700 plura

1489 2738 2018 2799 »tenuerunn
2086 2713 2346 2798 Pudet
2400 2715 2698 2800 referre
2744 2712 3167 2800 libertinos
3192 2773 3221 2818 ‚
3253 2716 3390 2825 qui
3428 2714 3758 2800 ditiores
3790 2713 4271 2826 spectantur.

1488 2872 1538 2921 >2
1556 2840 1792 2925 Unde
1825 2843 2070 2925 etiam
2093 2839 2367 2924 rubori
2392 2844 2593 2924 mihi
2621 2844 2757 2945 est,
2772 2842 2995 2952 quod
3009 2843 3453 2956 praecipuus
3472 2843 3803 2926 caritate
3821 2847 3885 2947 ²,
3902 2840 4262 2926 nondum

1489 2999 1537 3046 >2
1557 2997 1839 3052 omnes
1866 2963 2193 3052 fortuna
2218 2966 2668 3055 antecellis.
4323 3007 4371 3059 2
4387 3005 4437 3061 o

1615 3097 1854 3182 LVI.
1922 3129 1969 3172 2>
2032 3099 2397 3183 VERUM
2471 3105 2558 3182 ὅ(
2633 3095 2784 3182 tibi
2824 3093 3093 3184 valida
3148 3123 3331 3182 aetas
3362 3155 3389 3201 ,
3426 3096 3817 3208 rebusque
3863 3104 3948 3181 ὅ(
3975 3091 4263 3176 fructui

1483 3251 1818 3306 »rerum
1869 3221 2272 3307 sufficiens
2311 3252 2335 3319 3
2405 3231 2489 3308 ὃς
2542 3254 2690 3308 nos
2736 3226 2994 3339 prima
3036 3225 3355 3340 imperii
3402 3225 3652 3340 spatia
3698 3222 4191 3334 ingredimur
4243 3253 4263 3303 ε

1483 3349 1694 3435 »nist
1738 3348 1949 3434 forte
1986 3374 2122 3433 aut
2160 3375 2242 3432 te
2289 3347 2645 3436 Vitellio
2670 3377 2795 3434 ter
2835 3348 3153 3436 consuli
3192 3361 3214 3410 ³
3246 3409 3275 3454 ‚
3305 3378 3443 3434 aut
3496 3381 3628 3435 me
3657 3346 4006 3434 Claudio
4048 3348 4263 3459 post-.-

1481 3478 1784 3590 »ponis
1815 3485 1878 3558 ⁴.
1927 3474 2092 3560 Sed
2116 3502 2506 3586 quantum
2547 3475 2888 3564 Volusio
2927 3485 2954 3542 5
3008 3475 3260 3591 longa
3297 3477 3797 3591 parcimonia
3848 3474 4199 3587 quaefivit
4232 3530 4264 3576 ,

1483 3631 1532 3682 ³>
1550 3625 1866 3688 tantum
1894 3603 1981 3684 in
2009 3627 2092 3686 te
2120 3633 2301 3689 mea
2324 3600 2762 3690 liberalitas
2796 3601 3125 3720 explere
3154 3633 3322 3689 non
3348 3607 3631 3719 potest.
3685 3604 3964 3715 Quin,
4007 3601 4062 3682 fi
4105 3594 4262 3711 qua
4322 3624 4446 3707 251

1559 3830 1581 3859 ¹
1629 3823 1882 3896 Quum-13
1923 3825 2384 3902 nnsronnnu]
2437 3820 2661 3888 Mallet
2694 3841 2839 3886 eru-
2910 3821 2993 3887 est
3053 3843 3074 3887 z
3122 3822 3203 3885 Et
3250 3842 3354 3884 nos
3396 3824 3580 3900 prima
3621 3821 3839 3899 imperii
3845 3817 4040 3901 spatia
4062 3817 4261 3900 ingre-

1476 3894 1646 3959 ditus
1682 3895 1968 3960 Petavius
2003 3945 2023 3976 ‚
2068 3900 2297 3979 quietem
2346 3901 2627 3981 respicere.
2671 3902 2835 3967 Vide
2907 3901 3088 3963 dimur
3131 3923 3160 3977 ,·
3212 3902 3455 3979 plurima
3514 3901 3691 3961 adhuc
3737 3900 3798 3959 in
3848 3917 3902 3958 te
3964 3895 4260 3972 collaturi,
4321 3920 4333 3930 ·

1473 3974 1681 4039 Notas
1703 3975 1771 4042 δε
1790 3977 2286 4043 Emendationes
2313 3980 2395 4044 ad
2412 3981 2645 4045 Annal.
2662 3983 2834 4062 xlv,
2906 3982 2966 4042 ni
2987 4002 3008 4042 1
3038 3978 3192 4056 forte
3214 3998 3313 4041 aut
3343 3997 3396 4039 te
3414 3979 3639 4044 Vitellio
3667 3996 3751 4038 ter
3783 3975 3984 4057 consuli
4004 4023 4024 4050 ‚
4057 3994 4157 4035 aut
4174 3996 4259 4036 me

1480 4071 1584 4133 54.
2979 4058 3142 4119 audio
3175 4080 3245 4135 po
3284 4058 3446 4133 ponis
3473 4076 3500 4129 ,·
3542 4056 3630 4119 vel
3657 4053 4061 4136 quantum(fic
4083 4053 4256 4117 enim

1557 4132 1991 4226 ²⁶Ifnaec11²uus
2030 4140 2398 4214 enin-ra]
2443 4137 2587 4201 Tui
2613 4138 2829 4220 inme,
2904 4137 3217 4200 emendan
3266 4154 3373 4198 um
3419 4135 3539 4199 effe
3587 4140 3799 4215 puto)
3829 4132 4047 4215 Voluszo
4087 4132 4137 4193 lo
4218 4151 4257 4192 a

1474 4227 1617 4274 mea
1639 4229 1705 4271 m
1726 4227 1790 4275 te
1805 4212 2063 4277 caritate
2088 4213 2449 4294 precipuus.
2896 4215 3246 4292 parcimonia
3274 4213 3522 4295 quoefivit
3540 4263 3560 4294 ,
3582 4232 3802 4276 tantum
3833 4213 3897 4275 ὶιι
3933 4231 3988 4275 te
4018 4232 4140 4272 mea
4206 4212 4260 4260 ‘-

1501 4363 1516 4379 ⁶
1546 4299 1569 4344 ³
1617 4293 1935 4355 Vrrntuo
1974 4315 2100 4358 ‘rna
2147 4297 2465 4370 consum]
2517 4295 2593 4355 L.
2616 4292 2828 4358 Vitel-
2901 4293 3171 4356 beralitas
3215 4292 3433 4369 explere
3471 4315 3580 4356 non
3612 4293 3799 4374 potest.
3850 4292 4028 4357 Olim
4056 4291 4260 4354 Clau·-

1470 4365 1631 4431 hum
1657 4412 1677 4442 ,
1729 4369 1981 4433 Claudii
2032 4370 2304 4434 amicum
2346 4419 2366 4447 ,
2432 4387 2531 4434 ter
2596 4373 2827 4436 consu·
2902 4373 3040 4437 dius
3086 4372 3420 4438 Vitellium
3477 4391 3573 4437 ter
3625 4371 3954 4438 consulem
3997 4370 4250 4457 fecerat.

1467 4442 1928 4537 15m‚censurae
1958 4449 2126 4514 colle
2168 4450 2624 4528 am,juvenem
2653 4471 2829 4532 egre-
2901 4453 3213 4516 Nondum
3283 4452 3502 4517 consul
3556 4452 3759 4518 fuerat
3817 4455 4048 4515 Seneca
4073 4492 4091 4520 ‚
4136 4443 4250 4506 rufi

1464 4542 1679 4664 gluml,
1715 4527 2098 4607 flagitiosum
2146 4549 2332 4594 enem
2350 4529 2625 4593 vidimus
2650 4531 2828 4609 supra
2899 4531 3226 4624 forte-hoc
3249 4553 3445 4624 anno·
3466 4531 3659 4624 fuerit
3691 4530 3909 4621 consul
3933 4526 4248 4602 suffetius,

1463 4605 1650 4740 §xlxix-a
1678 4649 1695 4667 .
1747 4609 1832 4672 VJ
1854 4654 1876 4684 ,
1908 4629 2008 4686 3²·
2051 4608 2121 4673 &
2143 4609 2353 4690 paffim
2377 4609 2607 4673 Annal.
2638 4612 2726 4672 XI
2756 4612 2825 4676 ὃ(
2898 4610 3817 4754 Ψῐέξὲῗὲἕάαῶἔῖἓέῗωάιῑω
3837 4606 4039 4686 placet
4055 4647 4078 4680 ‚
4100 4619 4247 4771 cum

1541 4765 1574 4805 4
1613 4757 1757 4820 Aur
1801 4783 1891 4824 un
1937 4767 2245 4831 Commo
2279 4768 2650 4844 Post-Porus]
2670 4767 2827 4833 Vul-
2977 4781 2997 4826 5
3041 4773 3164 4832 δἐι)
3231 4789 3538 4842 Qum-run
3579 4767 3927 4832 Vowsro]
3999 4755 4249 4823 Volufir

1459 4831 1544 4921 ἑὸ
1576 4878 1596 4907 ,
1646 4839 1940 4912 Proeponis.
1988 4843 2153 4908 Vide
2190 4847 2393 4909 Notas
2417 4847 2820 4910 &Emenda-
2898 4867 3049 4928 opes
3077 4846 3267 4911 bonis
3296 4845 3529 4910 artibus
3557 4857 3741 4925 partae
3765 4840 4098 4907 laudantur
4119 4841 4250 4902 An-

1458 4924 1668 4987 t¹0nes
1690 4915 1771 4981 ad
1795 4918 2027 4990 Annal.
2068 4921 2242 5003 XIV,
2271 4931 2372 5005 56.
2405 4924 2626 4997 Sensus
2663 4928 2819 4997 vero
2894 4927 3022 4994 nal.
3048 4927 3198 4992 XIII
3221 4972 3246 5007 ,
3296 4943 3398 5003 32.
