4975 6149
1429 469 1620 553 7116
1923 459 2028 547 C.
2159 454 3009 546 CORNELII
3132 450 3728 545 TACITI

1148 648 1390 699 ¹-—
1437 649 1889 740 »agerent,
1940 623 2419 708 sententiam
2447 642 2729 705 eorum
2780 616 3371 727 consultarent,
3420 652 3517 707 ac
3564 618 4030 710 verberibus
4067 640 4228 710 ma⁴

1152 745 1391 798 ιω)
1439 783 1654 837 »nus
1722 750 1941 835 ultro
2003 750 2563 852 intenderent,
2629 749 3141 863 impudenter
3204 745 3344 833 vel
3405 778 3734 864 poenam
3793 752 4012 837 suam
4067 752 4224 837 dis-

1195 838 1345 1003 ξοὲ
1438 916 1486 962 »
1507 879 1953 964 suadentes.
1994 876 2223 989 Quid
2261 877 2475 960 enirn
2506 873 2725 960 aliud
2760 872 2948 961 laeso
2977 902 3323 991 patrono
3368 877 3835 961 concess‘um
3867 889 3891 924 ¹
3923 937 3953 983 ,
3982 876 4224 989 quam

1219 982 1324 1113 ἐς,
1434 1033 1593 1092 »ut
1651 1006 2121 1089 vicefimum
2177 1000 2390 1086 ultra
2424 998 2782 1116 lapidem
2812 1011 2892 1106 ²,
2927 1005 3012 1085 in
3061 1032 3287 1087 oram
3335 1001 3795 1117 Campaniae
3844 1000 4226 1089 libertum

1432 1128 1863 1243 »relegeti
1907 1130 2238 1215 Ceteras
2276 1130 2631 1214 afflones
2666 1129 3163 1243 promiscuas
3206 1135 3292 1211 ὃ(
3327 1158 3554 1243 pares
3591 1129 3775 1215 effe.
3818 1128 4224 1217 Tribuen-
4337 1162 4402 1253 ς·

1432 1259 1697 1345 »dum
1746 1254 2078 1368 aliquod
2132 1254 2445 1359 telum,
2499 1253 2720 1365 quod
2774 1254 3039 1370 sperni
3092 1281 3463 1365 nequeat.
3528 1258 3717 1341 Nec
3769 1286 4013 1369 grave
4060 1289 4223 1347 ma·
4359 1250 4383 1266 ⁴

1431 1384 1894 1489 »numiffis,
1942 1413 2087 1499 per
2140 1383 2360 1466 idem
2427 1379 2904 1492 obsequium
2959 1383 3360 1466 retinendi
3415 1379 3872 1468 libertatem
3915 1394 4004 1490 ³,
4078 1414 4223 1500 per

1432 1512 1725 1622 »quod
1759 1511 2121 1595 adsecuti
2175 1510 2348 1593 sint.
2400 1509 2518 1593 At
2569 1509 3004 1593 criminum
3041 1508 3494 1593 manifestos
3518 1571 3546 1613 ,
3589 1514 3885 1595 merito
3934 1511 4034 1594 ad
4070 1513 4223 1597 ser-

1432 1642 1847 1722 »vitutem
1902 1638 2204 1719 retrahi
2251 1664 2277 1732 3
2319 1660 2411 1718 ut
2471 1660 2699 1719 metu
2738 1640 3308 1742 coerceantur,
3355 1666 3562 1749 quos
3605 1634 4001 1724 beneficia
4048 1670 4219 1725 non

1430 1762 2012 1848 »mutavissent
2040 1798 2086 1840 ι)
2107 1825 2128 1847 .

1561 1889 1978 1975 XXVII.
2045 1890 2829 1979 DlssEREBATUR
2890 1891 3229 1992 contria
3293 1892 3820 1979 «Paucorum
3892 1885 4221 2006 culpam

1430 2019 1678 2132 »ipsis
1732 2018 2153 2102 exitiosam
2185 2017 2341 2103 esse
2389 2017 2734 2104 debere:
2782 2020 2991 2105 nihil
3030 2022 3590 2105 universorum
3622 2018 3778 2128 juri
3827 2020 4222 2131 derogan-

1430 2144 1694 2229 »dum
1724 2177 1742 2224 ε
1775 2146 2071 2259 quippe
2122 2141 2285 2226 late
2317 2146 2586 2227 fusum
2630 2148 2716 2228 id
2752 2177 3076 2261 corpuS.
3116 2149 3346 2231 Hinc
3383 2144 3856 2261 plerumque
3904 2144 4160 2229 tribus
4187 2202 4222 2249 ,

1429 2269 1864 2354 »decurias
1903 2279 1993 2371 ⁴,
2044 2270 2474 2353 ministeria
2529 2278 2558 2336 ⁵
2619 2272 3201 2382 magistratibus
3260 2278 3346 2354 ὃ(
3407 2267 3960 2355 sacerdotibus·
3986 2329 4014 2371 ,
4075 2299 4220 2354 co-

1432 2397 1775 2481 »hortes
1824 2397 2067 2479 etiam
2109 2397 2196 2477 in
2235 2393 2453 2479 Urbe
2508 2392 2547 2441 ⁶
2605 2398 3101 2513 conscriptas
3154 2433 3172 2481 ε
3225 2405 3310 2482 ὅ(
3358 2393 3724 2514 plurimis
3791 2398 4214 2506 equitum,

1428 2517 1898 2636 »plerisque
1954 2521 2455 2606 senatoribus
2478 2530 2508 2626 ’,
2560 2555 2730 2609 non
2765 2522 3088 2610 aliunde
3132 2527 3530 2637 originem
3571 2524 3803 2607 trahi.
3850 2523 3940 2605 Si
3993 2520 4219 2635 sepa-

1428 2675 1858 2747 »rarentur
1912 2646 2319 2755 libertini,
2371 2651 2870 2735 manifestam
2929 2651 3104 2736 fore
3152 2654 3570 2765 penuriam
3620 2653 4217 2761 ingenuorum:

1432 2804 1670 2859 »non
1739 2775 2014 2860 frustra
2074 2772 2473 2884 majores,
2523 2783 2709 2861 cum
2763 2780 3245 2889 dignitatem
3289 2777 3665 2861 ordinum
3717 2774 4213 2878 dividerent,

1431 2899 1957 3010 »libertatem
1995 2905 2082 2986 in
2125 2907 2544 2989 communi
2595 2904 2937 3020 posuiss‘e
3000 2915 3064 2990 ⁷.
3135 2906 3368 3017 Quin
3434 2910 3518 2988 ὃ(
3590 2900 4214 2986 manumittendi

4286 1805 4395 1869 10.

1434 3169 1609 3235 enim
1636 3173 1847 3248 aliud,
1898 3172 2027 3239 Sec.
2067 3174 2421 3253 Quomodo
2460 3175 2784 3257 desperato
2863 3175 2935 3242 δε
2972 3175 3368 3241 sacerdotum
3410 3172 3700 3238 ministri.

1433 3248 1583 3315 huic
1614 3253 1763 3316 loco
1789 3251 1969 3315 fimus
1997 3254 2289 3334 opitulati
2307 3254 2460 3316 vide
2489 3255 2559 3316 in
2594 3255 2783 3318 Notis

1433 3327 1522 3470 διό
1560 3331 2129 3396 Emendationibus
2177 3333 2256 3395 ad
2300 3333 2529 3397 Annal.
2590 3336 2785 3412 XIII,

1436 3427 1475 3470 ²
1521 3497 1540 3526 ¹
1590 3488 1974 3550 Concessum
2014 3493 2041 3567 ]
2078 3488 2272 3553 Forte
2317 3491 2399 3554 ab
2462 3493 2736 3575 Augusto
2764 3540 2784 3569 ‚

1432 3581 1562 3707 2132
1568 3563 1977 3707 stiltffitrtvitdle‘
1995 3582 2592 3706 Dpatronorumque
2651 3574 2786 3651 jura

1513 3730 1545 3762 ²
1587 3690 1964 3786 Victorinum
2006 3651 2619 3805 utri-Zimtlxyrbffiagj
2641 3671 2783 3791 ''Ili-⁰

1480 3798 1602 3862 inti
1646 3799 1850 3862 millia
1891 3801 1970 3862 ab
2016 3804 2201 3866 Urbe.
2264 3806 2427 3869 Vide
2473 3810 2676 3871 Notas
2714 3809 2785 3871 &t

1558 3878 1928 3941 endationes
1965 3880 2045 3942 ad
2073 3884 2302 3945 Annal.
2342 3887 2536 3961 XIII,
2580 3893 2681 3947 26.

1517 3966 1539 4008 ³
1578 3957 1936 4046 Rea-meum
1991 3982 2456 4054 ,unani-areu·
2497 3969 2528 4056 J
2602 3966 2786 4028 Haud

1432 4031 1694 4113 vulgare
1752 4034 2009 4098 d1cend1
2060 4058 2299 4128 genuS,
2369 4048 2637 4106 minime
2695 4059 2785 4106 ta-

1406 4129 1587 4194 ‚men
1622 4114 1976 4177 barbarum.
2015 4119 2114 4179 Sic
2138 4118 2340 4181 adhuc
2364 4118 2528 4181 infra
2555 4124 2780 4184 Annal.

1434 4191 1557 4255 XV
1578 4238 1598 4266 ‚
1647 4213 1702 4272 5.
1746 4191 1995 4274 Vologesi
2024 4214 2181 4255 vetus
2217 4195 2528 4332 &ferricus
2549 4199 2783 4280 infixum

1434 4287 1560 4329 erat
1584 4318 1602 4342 ‚
1647 4289 1802 4330 arma
1835 4270 2089 4332 Romana
2118 4274 2276 4334 vitan
2319 4274 2359 4335 1‘.

1512 4358 1548 4398 4
1586 4350 1972 4430 Decorum]
2014 4354 2084 4414 ld
2129 4375 2213 4416 ne
2259 4354 2526 4432 accipias
2564 4357 2641 4419 de
2675 4356 2781 4435 ju·-

1433 4425 1650 4518 dicum
1692 4429 1997 4507 decuriis;
2057 4432 2233 4512 quod
2313 4438 2473 4499 reae
2529 4436 2782 4500 monuit

1433 4503 1700 4585 LipfiuS.
1713 4509 1861 4573 Aliae
1876 4509 2155 4589 plurimae
2172 4527 2347 4575 erant
2363 4513 2629 4578 decuriae
2646 4516 2796 4590 scri·„

1434 4584 1656 4647 barum
1675 4634 1693 4661 ,
1722 4588 2101 4652 cerariorum
2120 4637 2137 4664 ,
2162 4590 2562 4655 librariorum
2586 4640 2607 4670 ,
2632 4595 2740 4659 &c
2758 4642 2778 4671 ,

1435 4680 1711 4739 quorum
1742 4667 2049 4732 memoria
2089 4670 2277 4733 exstat
2295 4670 2361 4732 in
2384 4688 2598 4736 vetere
2622 4693 2781 4736 mar-

1430 4757 1613 4877 {nore
1640 4746 1805 4884 aput}
1828 4748 2028 4824 Gori,
2052 4748 2331 4831 Inscript.
2346 4750 2563 4833 Antiq.
2584 4754 2778 4817 Tom.

1466 4859 1481 4877 .
1517 4837 1652 4896 pag.
1691 4840 1764 4895 30
1813 4866 1828 4882 .

1516 4903 1534 4949 5
1583 4898 2023 4987 Mrmsrrznga]
2090 4904 2374 4972 Lietores
2394 4956 2413 4983 ,
2455 4907 2732 4973 viatores
2756 4957 2775 4984 ,

1427 4989 1778 5056 precones,
1828 4977 2063 5057 aliique
2092 4986 2279 5053 multi
2315 4988 2778 5074 magistratuum

2840 3726 2904 3807 fi
2929 3726 3192 3788 tumultus
3220 3727 3279 3787 in

2939 3258 2969 3295 ⁶
2994 3257 3345 3320 Conon-es
3379 3277 3579 3319 amm
3614 3276 3675 3316 ru
3703 3253 3930 3327 URBE]
3957 3246 4208 3313 Cohor-

2861 3349 2953 3396 tes
2983 3335 3284 3416 vigilum.
3312 3334 3632 3414 Quodque
3652 3330 3981 3418 illustriusy
4016 3328 4211 3418 liber-

2862 3412 2911 3476 ti
2958 3410 3028 3474 in
3078 3413 3415 3477 Germanii
3472 3413 3543 3475 &t
3587 3409 3848 3491 Illyrico
3875 3454 3894 3482 ,
3940 3426 4217 3486 imperi-

2861 3507 3035 3554 tante
3073 3492 3382 3573 Augusto,
3435 3489 3809 3553 militavere.
3855 3485 4011 3547 Inde
4046 3489 4204 3575 Sue-

2860 3570 3074 3632 tonius
3105 3571 3173 3632 in
3218 3572 3377 3650 Aug.
3418 3572 3617 3633 XXV.
3667 3565 3953 3628 Libertina
3991 3562 4163 3623 mzlzte
4188 3607 4211 3636 ,

2855 3666 3221 3728 praeterquam
3260 3647 3449 3709 Romoe
3479 3644 3855 3708 incendiorum
3899 3644 4110 3718 causo,
4145 3640 4211 3702 ξι·

3358 3725 3576 3788 rariore
3599 3727 3824 3786 onnon&
3845 3739 4179 3782 metueretur
4188 3753 4219 3797 ,ι

2860 3806 2947 3866 his
2981 3807 3108 3886 usus
3143 3805 3252 3888 est.-
3315 3805 3450 3867 emel
3496 3805 3571 3865 ad
3605 3803 3914 3885 proefidium
3959 3798 4213 3858 colonia-

2860 3906 2979 3946 rum
3043 3884 3328 3968 Illyricum
3367 3884 3797 3965 contingentium
3821 3905 3842 3939 .·
3885 3879 4085 3968 iterum
4134 3876 4213 3935 ad

2861 3962 3087 4024 tutelam
3144 3965 3279 4039 ripa
3334 3962 3536 4022 Rheni.
3594 3961 3755 4023 Vide
3808 3961 3880 4024 δε
3922 3958 4211 4021 Dionem

2860 4046 2998 4105 LV.
3029 4063 3166 4122 pag.
3213 4048 3352 4121 569.
3386 4042 3456 4104 &
3500 4041 3668 4104 LVI.
3703 4059 3839 4119 pag.
3890 4041 4032 4118 586.
4211 4071 4216 4074 -

2938 4131 2966 4174 7
2991 4124 3422 4182 Lrssnnrarr-:M
3449 4141 3512 4181 ru
3541 4140 3843 4181 commum
3868 4136 4155 4180 rostnssn
4174 4118 4216 4193 }

2859 4200 3109 4262 Servius
3169 4197 3422 4260 Tullius
3482 4197 3548 4259 di
3594 4198 3858 4260 nitatem
3913 4194 4210 4259 ordinum

2860 4277 2947 4341 ita
3000 4277 3338 4348 diviserat,
3374 4292 3444 4338 ut
3506 4277 3552 4337 li
3604 4276 3793 4339 ertini
3836 4295 3872 4339 a
3923 4275 4210 4338 tribubus

2857 4356 3091 4420 rusticis
3130 4356 3617 4436 repellerentur,
3645 4354 3716 4417 in
3749 4370 4019 4438 quatuor
4055 4355 4208 4440 vero

2857 4436 3052 4499 tribus
3101 4437 3365 4498 urbanas
3403 4435 3921 4514 conjicerentur:
3965 4430 4068 4494 sed
4120 4431 4206 4488 lr-

2855 4516 3166 4579 bertatem
3187 4514 3254 4576 in
3281 4513 3610 4577 communi
3657 4514 3960 4594 posuerat.
3995 4506 4205 4595 Postea

2899 4610 3075 4658 raeter
3115 4613 3524 4657 communem
3565 4592 3920 4655 libertatem
3940 4583 4206 4675 ‘permis-

2855 4615 2987 4735 {um
3005 4719 3025 4747 ,
3053 4690 3121 4737 ut
3144 4671 3427 4736 libertini
3447 4721 3465 4745 ‚
3492 4670 3600 4751 qui
3624 4671 3827 4732 filium
3849 4682 4206 4754 quinquen--¹

2856 4752 2970 4816 nio
3010 4754 3319 4830 majorem
3364 4749 3702 4822 haberent,
3752 4761 3857 4835 aut
3902 4742 4205 4834 proedium

2899 4832 3166 4895 raediave
3189 4829 3406 4893 rustica
3422 4827 3610 4907 pluris
3635 4828 3692 4887 H
3711 4829 3749 4886 S
3775 4836 4036 4903 triginta
4059 4820 4206 4882 mil-

2879 4911 3049 4982 ium,
3074 4924 3347 4972 monetae
3378 4904 3636 4969 Gallicae
3672 4903 3972 4966 librarum
3995 4906 4070 4982 58
4083 4923 4123 4990 3·-
4125 4918 4160 4980 5
4180 4946 4203 4991 2

2855 4988 3232 5074 poffiderent
3257 5033 3279 5069 ,
3320 4984 3391 5051 in
3439 4983 3640 5053 tribus
3698 4982 3944 5050 rusticas
4001 4998 4202 5060 recipe
