4975 6149
1514 425 1700 523 346
1779 386 1782 389 ’
1871 412 2310 500 NoTAE
2398 408 2573 493 ET
2660 404 3900 507 EMENDATIONEs.

1509 593 1730 647 nores
1787 564 2253 666 capesserent.
2309 561 2598 667 Negata
2652 562 2831 639 vero
2884 559 3206 665 suffragii
3256 562 3483 653 latio;
3520 568 3601 638 ,δε
3646 558 4171 662 magistratibus
4219 561 4305 638 in

1510 668 1718 745 Urbe
1760 664 2242 741 interdictum.
2266 661 2449 740 Hoc
2486 675 2607 745 Jus
2637 665 2858 740 Latii:
2890 662 3097 765 quod
3118 719 3142 753 ‚
3192 661 3361 738 cum
3388 662 3472 739 fit
3499 662 3690 738 inter
3714 666 3874 765 jura
3905 661 4306 765 antiquissi-

1513 794 1756 854 mum,
1807 763 2074 840 dietum
2105 761 2208 840 est
2256 790 2408 868 quo
2460 789 2555 845 ue
2602 766 2720 840 Ius
2759 770 3096 864 antiquum
3129 765 3336 838 Latii.

1618 862 1875 961 Postea
1907 864 2154 939 datum
2186 867 2293 963 jus
2333 866 2410 939 su
2506 863 2763 967 agii&
2796 862 3238 962 magistratus
3287 861 3641 950 ineundi3
3689 879 3935 936 cetera
3984 885 4080 935 ue
4120 863 4297 960 juris

1515 964 1795 1069 publici
1837 963 2166 1066 permissa
2188 965 2511 1055 ‚censUS,
2548 962 2853 1053 militia,
2894 962 3208 1051 tributa,
3241 959 3668 1063 vectigalia,
3712 960 3936 1036 sacra.
4050 985 4146 1035 oc
4180 966 4296 1037 Ius

1515 1070 1807 1159 civitatis
1857 1067 2201 1151 Romanae,
2245 1064 2371 1139 seu
2428 1068 2661 1137 civitas
2693 1066 3014 1136 Romana.

1531 1248 1536 1255 ,
1622 1163 1980 1241 Concessa
2010 1163 2229 1240 etiam
2257 1224 2276 1250 ,
2328 1188 2491 1266 quae
2521 1161 2693 1261 juris
2742 1182 2949 1237 erant
2997 1160 3310 1262 privati,
3357 1161 3652 1237 libertas
3673 1216 3695 1249 ,
3748 1184 3961 1260 gem,
4001 1186 4293 1237 connu-

1516 1265 1670 1356 bia,
1723 1269 1832 1364 jus
1861 1263 2176 1366 patrium
2197 1320 2216 1354 ‚
2257 1266 2366 1363 jus
2397 1260 2748 1365 legitimae
2796 1259 3320 1338 dominationis
3349 1318 3374 1355 ,
3409 1258 3720 1338 dominii
3743 1315 3771 1351 ‚
3801 1260 4291 1364 usucapioniS.

1515 1365 1696 1455 Hoc
1734 1373 1853 1443 Jus
1894 1368 2275 1457 Quiritium.

1527 1528 1532 1539 .
1613 1465 1795 1541 Non
1840 1463 2083 1539 Latini
2126 1462 2451 1552 tantum,
2485 1462 2569 1538 id
2593 1460 2695 1538 est
2740 1458 2932 1537 Latii
2965 1462 3275 1551 incolae,
3303 1460 3433 1537 sed
3475 1462 3646 1537 Itali
3673 1486 3968 1564 quoque
3997 1460 4126 1551 ,id
4149 1462 4291 1556 est,

1515 1566 1642 1666 qui
1695 1565 1884 1638 inter
1907 1586 2291 1664 utrumque
2335 1587 2533 1638 mare
2585 1562 2680 1636 ad
2724 1560 3190 1640 Rubiconem
3219 1562 3445 1663 usque
3470 1560 3778 1637 fluvium
3816 1561 4286 1654 incolebant,

1512 1667 1618 1738 ‘us
1656 1688 1697 1737 a
1728 1662 2074 1740 Romanis
2113 1661 2487 1737 consecuti
2517 1663 2678 1737 sunt
2700 1718 2722 1753 ,
2771 1663 2978 1775 quod
3005 1662 3270 1736 dictum
3299 1659 3400 1735 est
3442 1664 3556 1734 Ius
3588 1666 3914 1736 Italicum.
3957 1659 4079 1739 Jus
4101 1661 4285 1737 illud

1556 1763 1868 1837 talorum
1897 1763 2187 1837 videtur
2221 1761 2456 1861 primo
2489 1762 2692 1837 fuisse
2722 1761 3095 1863 aliquanto
3138 1761 3520 1837 deterioris
3555 1760 4004 1837 conditionis
4025 1819 4045 1851 ‚
4074 1763 4287 1863 quam

1508 1859 1980 1938 Latinorum:
2014 1861 2139 1938 sed
2170 1860 2467 1938 tandem
2493 1863 2588 1939 eb
2615 1861 2877 1938 recidit
2907 1884 2992 1939 ut
3015 1861 3426 1939 immunitas
3453 1887 3496 1938 a
3517 1861 3739 1937 censu
3764 1861 4021 1962 capitis
4055 1868 4126 1937 ὃς
4146 1861 4286 1938 soli

1508 1961 1683 2063 effet
1714 1964 1831 2035 Ius
1854 1966 2180 2048 Italicum.

1606 2060 1882 2150 Roma,
1922 2061 2110 2138 inter
2143 2064 2481 2142 arctiores
2525 2061 2871 2139 conclusa
2897 2063 3117 2152 fineS,
3147 2063 3347 2140 cives
3371 2062 3729 2138 militesve
3764 2062 3911 2137 alio
3943 2062 4283 2153 deduxit,

1510 2160 1639 2261 qui
1682 2159 1854 2235 loca
1883 2159 2010 2234 fibi
2056 2161 2419 2263 adsignata
2461 2163 2897 2237 incolerent.
2948 2163 3092 2235 Hae
3136 2164 3298 2236 sunt
3349 2167 3674 2251 Colonioe,
3732 2186 3894 2259 quae
3935 2160 4288 2237 Romanis

1507 2259 1945 2360 regebantur
2017 2259 2320 2360 legibus.
2365 2260 2562 2333 Aliae
2606 2281 2810 2334 erant
2835 2314 2856 2347 ,
2923 2256 3181 2360 quibus
3244 2263 3353 2357 jus
3407 2259 3637 2332 Italiae
3689 2257 3991 2334 dabatur
4011 2288 4040 2349 3
4075 2260 4235 2334 aliae
4254 2317 4288 2354 ‚

1506 2382 1672 2461 quae
1718 2356 2143 2432 Latinorum
2155 2385 2181 2446 3
2220 2358 2427 2447 aliae,
2462 2382 2626 2459 quae
2673 2356 2947 2432 civium
2975 2355 3478 2432 Romanorum
3522 2356 3764 2432 essent.

1607 2459 1975 2551 Municipia
2006 2513 2028 2546 ,
2059 2456 2183 2531 seu
2217 2461 2618 2553 Municipes,
2668 2457 2867 2533 cives
2901 2479 3106 2534 erant
3160 2456 3522 2548 Romani,
3579 2455 3859 2570 legibus
3899 2454 4039 2530 suis
4075 2478 4285 2535 uten-

1502 2572 1650 2643 τες,
1684 2554 1998 2629 muneris
2053 2555 2336 2630 tantum
2387 2582 2556 2631 cum
2594 2556 2882 2657 populo
2932 2555 3270 2632 Romano
3317 2557 3698 2633 honorarii
3748 2553 4184 2669 participes,
4235 2583 4280 2634 a

1501 2677 1657 2754 quo
1710 2679 2009 2730 munere
2065 2656 2499 2757 capeffendo
2553 2655 2901 2757 appellati
2948 2657 3336 2731 videntur:
3382 2656 3598 2730 nullis
3643 2654 3801 2728 alirs
3844 2656 4279 2731 neceffitati-

1502 2750 1636 2829 bus
1659 2808 1681 2841 ,
1737 2779 1976 2856 neque
2008 2754 2160 2829 ulla
2215 2757 2480 2856 populi
2533 2754 2850 2830 Romani
2890 2755 3057 2858 lege
3107 2754 3411 2830 adstricti
3435 2811 3458 2845 ,
3499 2756 3579 2828 ni
3641 2752 3960 2858 populus
4022 2779 4275 2832 eorum

1500 2849 1765 2926 fundus
1811 2852 2029 2928 fastus
2057 2854 2274 2930 foret.
3068 2898 3073 2905 ·

1608 2953 1827 3025 Liberi
1847 2958 2072 3050 populi
2104 2954 2242 3028 suis
2298 2953 2717 3057 gaudebant
2763 2952 3094 3057 legibus:
3148 2953 3344 3031 levia
3398 2955 3681 3030 tantum
3736 2961 3807 3030 ὃς
3859 2952 4121 3056 sponte
4178 2955 4269 3031 ad

1500 3052 1848 3152 expensas
1948 3052 2221 3132 ublicas
2263 3053 2828 3130 contribuebant
2855 3111 2877 3145 ,
2921 3054 3098 3131 ficut
3122 3060 3193 3133 &
3225 3054 3542 3131 Foederati
3567 3059 3836 3153 populi,
3877 3054 4001 3170 qui
4030 3055 4295 3136 foedus.

1500 3174 1668 3225 cum
1698 3080 1986 3253 populo
2021 3152 2359 3230 Romano
2394 3154 2730 3232 inierant.
2760 3161 3078 3229 Immunes
3097 3156 3276 3232 vero
3297 3159 3566 3252 populi,
3595 3155 3686 3230 ab
3722 3180 3926 3230 omm
3959 3155 4267 3256 publico

1499 3273 1729 3350 onere
1746 3253 1988 3328 soluti.
2020 3257 2468 3350 stipendiarii,
2500 3255 2808 3358 vectigal
2831 3277 3107 3332 certum
3133 3255 3518 3333 solvebant
3537 3312 3559 3345 ,
3586 3256 3751 3355 quod
3767 3255 4266 3352 stipendiarium

1492 3351 1783 3526 ἱίἰιίἱτιιόνς
1831 3353 2013 3453 quast
2068 3358 2355 3430 vidoriae
2402 3363 2790 3451 praemium,
2831 3381 2906 3429 ac
2957 3383 3215 3453 poenam
3273 3359 3453 3433 belli.
3507 3354 3776 3436 Cicero
3831 3355 3913 3429 in
3964 3355 4264 3432 Verrem

1629 3505 1650 3539 ,
1733 3506 1752 3525 .

1591 3547 1782 3623 Haec
1817 3549 1943 3663 qui
1981 3550 2196 3627 fufius
2237 3552 2599 3655 explicata
2646 3553 2965 3657 reperire
3000 3553 3322 3634 voluerit
3347 3610 3371 3646 ,
3404 3554 3618 3631 adeat
3660 3553 3982 3630 eruditos
4009 3554 4212 3631 viros
4233 3607 4265 3647 ,

1492 3642 2026 3740 Heineccium,
2068 3655 2286 3754 Antiq.
2321 3662 2589 3734 Roman.
2630 3657 2993 3752 Iurisprud.
3042 3655 3266 3732 Tom.
3301 3654 3362 3730 I.
3394 3654 3808 3758 AppendiX.
3839 3679 4055 3757 capp.
4105 3679 4177 3748 ι,
4206 3680 4259 3733 2

1419 3775 1426 3782 ‘
1491 3750 1567 3821 δε
1659 3804 1680 3837 ,
1717 3755 1786 3824 &
1814 3748 2070 3824 Florez
2090 3806 2113 3841 ,
2148 3755 2478 3831 Medullas
2509 3757 2585 3830 de
2617 3757 2891 3855 Espana.
2915 3781 3082 3859 pag.
3119 3762 3243 3859 85.
3293 3761 3364 3832 &
3393 3755 3592 3860 seqq.

1679 3847 2156 3925 bservandum
2202 3874 2443 3930 autem
2492 3849 2653 3931 hae'c
2723 3856 2972 3930 omnia
2998 3913 3021 3948 ,
3071 3873 3155 3931 ut
3205 3857 3572 3933 donorum
3598 3933 3603 3936 ,
3628 3876 3884 3932 natura
3929 3854 4074 3946 est,
4114 3876 4259 3955 pro

1492 3943 1797 4021 arbitrio
1852 3949 2268 4049 reipublicae
2307 3976 2430 4029 aut
2463 3953 2882 4057 Principum
2907 4011 2929 4047 ,
2963 3957 3190 4035 modo
3238 3955 3643 4048 liberaliu8‚
3687 3957 3916 4033 modo
4026 3955 4259 4032 arcius

1488 4042 1691 4157 fuisse
1727 4048 2077 4125 concessa.
2108 4049 2220 4127 Ita
2253 4055 2402 4129 hoc
2432 4052 2512 4127 in
2542 4053 2719 4130 loco
2748 4056 3048 4132 Tacitus
3071 4075 3423 4132 memorat
3443 4054 3798 4156 primores
3828 4056 3972 4134 Gal
4004 4083 4210 4133 orum
4230 4108 4260 4148 ,

1478 4166 1863 4221 crvrtatem
1908 4147 2309 4227 Romanam
2371 4157 2516 4252 jam
2564 4155 2851 4256 pridem
2904 4156 3292 4245 ass‘ecut08,
3330 4159 3437 4251 jus
3494 4154 4130 4257 adipiscendorum
4174 4156 4255 4232 in

1489 4240 1696 4320 Urbe
1769 4246 2140 4324 honorum
2213 4273 2576 4352 expetere.
2632 4252 2823 4329 Nem
2878 4279 2919 4330 e
2998 4256 3253 4332 civitas
3319 4253 3650 4332 Romana
3709 4282 4255 4359 nonnumquam

1485 4339 1635 4419 fine
1680 4345 1830 4422 hoc
1859 4349 2254 4453 privilegio
2305 4352 2774 4428 tribuebatur.
2898 4354 3092 4449 nde,
3140 4353 3315 4433 teste
3365 4354 3583 4433 Livio
3629 4357 3732 4432 lx
3765 4415 3787 4450 ,
3831 4384 3963 4459 43.
4020 4363 4257 4455 Anag-

1483 4448 1658 4516 m'nis
1679 4501 1700 4535 ,
1738 4454 1962 4550 quique
1992 4478 2172 4525 arma
2203 4453 2515 4527 Romanis
2547 4457 2939 4544 intulerant,
2971 4464 3203 4533 civitas
3232 4456 3379 4555 fine
3419 4458 3725 4558 fiaffragii
3765 4463 3999 4532 latione
4032 4459 4188 4530 data
4214 4485 4246 4526 .-

1484 4548 1756 4619 concilia
1787 4552 2214 4653 connubiaque
2249 4554 2587 4651 adempta,
2615 4555 2691 4630 θ’
2724 4556 3203 4659 magistratibus
3218 4584 3645 4660 praeterquam
3682 4562 4014 4655 sacrorum
4060 4580 4242 4626 cura·-

1480 4647 1652 4715 tione
1681 4651 2108 4729 interdiffum.

1581 4740 1875 4820 Juvaret
1908 4747 2032 4823 hic
2076 4752 2647 4832 animadvertere
2692 4757 2905 4859 quam
2954 4759 3177 4836 fuerit
3207 4759 3426 4862 digna
3448 4755 3670 4832 totius
3696 4752 3890 4829 orbis
3918 4749 4238 4851 imperio

1471 4859 1691 4942 gens,
1746 4869 1905 4945 quae
1947 4867 2064 4924 tot
2105 4855 2304 4954 jura,
2362 4875 2512 4938 tam
2569 4857 2932 4964 sapienter
2976 4879 3483 4966 attemperata,
3529 4854 3921 4958 repererit,
3971 4851 4243 4958 quibus
