4975 6149
1516 456 1698 548 284
2096 438 3692 527 SUPPLEMENTUM

1231 640 1465 675 ======
1513 612 1649 723 qui
1691 607 2171 691 Phoenicem
2221 616 2242 650 ¹
2293 607 2379 687 in
2421 601 2724 688 Urbem
2786 601 3121 689 allatum
3152 666 3180 709 ,
3209 604 3652 689 videndum
3698 604 3782 684 in
3837 599 4303 687 Comitio-²

1230 729 1292 778 Α·
1318 726 1461 777 ⁰⁶0·
1512 734 2129 853 proposuerunt.
2175 731 2761 834 Mendacium,
2809 731 3006 815 licet
3044 730 3418 815 omnibus
3446 754 4006 845 compertum,
4056 760 4102 813 a
4133 728 4299 847 ple·

1275 836 1418 894 ⁸⁰⁰⁶
1512 861 1614 947 be
1676 887 1947 944 tamen
2015 859 2454 974 spectatum
2504 860 2611 942 est
2654 858 2886 941 avide
2923 917 2951 962 ‚
3028 884 3267 971 atque
3312 860 3552 940 etiam
3623 857 3812 939 actis
3894 857 4294 943 testatum.

1278 947 1411 1110 ³4⁶7:
1511 990 1946 1103 Princeps,
2001 985 2192 1071 alias
2240 989 2324 1069 in
2387 1016 2614 1072 curas
2675 986 3031 1067 intentus
3080 1044 3109 1089 ,
3190 982 3649 1067 censorium
3711 1011 4015 1067 nomen
4041 1043 4072 1089 ‚
4118 987 4294 1101 post
4403 980 4406 983 ¹

1507 1111 1881 1201 Paullum
1939 1109 2493 1225 Plancumque
2549 1124 2572 1172 ³
2649 1110 3019 1195 censores
3077 1106 3583 1222 negleEmm,
3636 1139 3824 1194 cum
3890 1111 4297 1197 consulari
4409 1143 4454 1222 5

1512 1242 1990 1356 adsumpsit,
2057 1267 2149 1325 ut
2218 1236 2680 1354 reipublicae
2712 1299 2740 1344 ,
2790 1235 3245 1322 labentibus
3313 1236 3619 1325 saeculis
3672 1236 4057 1353 fimulque
4102 1239 4296 1353 glis-

1515 1366 1885 1454 centibus
1922 1369 2138 1452 vitiis
2177 1368 2636 1471 fatiscenti,
2677 1363 3163 1450 subveniret.
3204 1354 3637 1451 Senatores
3679 1363 3991 1476 aliquot
4020 1368 4290 1471 {luxu

1510 1498 1610 1581 ad
1672 1497 2032 1611 inopiam
2059 1476 2074 1489 ⁹
2102 1519 2825 1609 contemptumque
2874 1489 3168 1608 delapsi
3196 1553 3225 1597 ‚
3275 1494 3560 1578 ordine
3601 1495 3807 1576 moti
3847 1490 4029 1577 sunt
4071 1504 4134 1578 ⁴.
4173 1498 4291 1578 At
4329 1588 4334 1599 ⁸

1512 1626 1823 1733 equites
1884 1682 1912 1725 ,
1992 1652 2331 1705 numero
2412 1630 2497 1705 &
2561 1618 2848 1737 opibus
2912 1630 2940 1686 5
3017 1623 3249 1724 tuti,
3309 1622 3710 1734 Principis
3781 1619 4285 1706 severitatem

1512 1750 1903 1859 effugere.
1957 1749 2248 1832 Cetera
2290 1749 2636 1833 censurae
2686 1743 3206 1831 multitudine
3247 1745 3525 1860 legum
3563 1774 3967 1861 corrupta.
4355 1778 4452 1832 ro

1632 1873 1752 1957 II.
1818 1876 1882 1956 P
1899 1898 2294 1957 UDEBAT
2335 1904 2657 1987 quoque
2706 1876 3159 1989 Principis,
3207 1876 3480 1990 inepte
3531 1872 3839 1976 seduli,
3884 1876 4020 1984 qui
4071 1902 4283 1958 rem-

1511 1998 1920 2114 publicam
1969 1998 2284 2112 legibus
2348 2000 2736 2114 fatigabat
2759 2021 2790 2105 ‚‘
2832 2001 3027 2086 dum
3077 2001 3310 2116 ipfius
3353 2002 3653 2087 'domus
3695 1996 4128 2107 majoribus
4164 2003 4287 2083 vi-

1500 2129 1634 2209 tiis
1695 2124 2174 2237 urgebatur;
2224 2124 2650 2242 praevalida
2698 2131 2784 2208 in
2837 2127 3005 2210 dies
3055 2125 3533 2209 libertorum
3591 2124 4065 2239 arrogantia.
4135 2128 4285 2211 Pa-

1504 2254 1872 2335 tientiam
1896 2313 1924 2356 ,
1978 2280 2200 2336 metu
2242 2256 2495 2363 magis
2528 2312 2556 2355 ‚
2598 2250 2836 2361 quam
2874 2248 3326 2334 reverentia
3375 2252 3513 2335 diu
3552 2256 3989 2338 exercitam
4016 2313 4044 2356 ‚
4086 2255 4289 2339 vicit

1505 2380 1623 2460 rei
1671 2378 2132 2490 indignitas
2187 2380 2433 2463 Forte
2490 2381 2677 2461 cum
2716 2379 2801 2459 in
2848 2379 3167 2461 theatro
3230 2380 3778 2492 pantomimus
3836 2376 4044 2463 illud
4083 2384 4285 2466 vatis
4351 2404 4438 2485 15

1509 2502 1805 2587 dictum
1837 2565 1865 2608 ,
1919 2538 1963 2579 «
2007 2507 2173 2588 Res
2214 2535 2380 2589 non
2418 2505 2751 2589 ferenda
2799 2503 3088 2618 opibus
3127 2531 3417 2619 potens
3445 2507 3805 2619 mastigia
3831 2503 3868 2551 ⁶
3893 2540 3939 2582 2>
3958 2565 3988 2610 ,
4018 2535 4287 2622 protu-

1507 2627 1714 2713 liffet
1738 2691 1764 2733 ,
1817 2634 2184 2714 omnium
2225 2662 2363 2718 ora
2418 2635 2677 2716 statim
2725 2635 2808 2717 in
2845 2632 3277 2744 Polybium
3326 2632 3765 2738 conversa,
3807 2635 3945 2742 qui
3981 2631 4285 2742 majore

1507 2755 1842 2841 audacia
1884 2754 2237 2864 ejusdem
2278 2788 2533 2876 poetae
2579 2760 2900 2845 versum
2940 2761 3446 2844 vociferatus
3465 2763 3573 2844 est
3602 2819 3631 2863 ‚
3681 2793 3726 2835 (ι
3767 2760 4052 2870 Reges
4081 2792 4282 2871 quo-

1506 2913 1554 2958 »
1575 2913 1730 2993 que
1775 2885 2142 2969 exstitisse
2189 2887 2286 2970 de
2341 2891 2715 3001 caprariis
2776 2897 2806 2944 ⁷
2849 2922 2936 2970 >›.
2985 2876 3390 2971 Adversus
3447 2886 3694 2971 talem
3736 2889 4084 2970 hominis
4139 2891 4282 2970 im-

1502 3008 1975 3124 pudentiam
2008 3014 2399 3099 immotus
2454 3016 2610 3099 fuit
2667 3015 3079 3130 Princeps.
3130 3013 3293 3100 Sed
3342 3041 3535 3100 vota
3582 3017 3886 3099 civium
3932 3011 4281 3100 absolvit
4337 3033 4439 3086 20

1502 3134 1971 3224 Meffalina:
2037 3172 2205 3225 non
2253 3169 2522 3229 tamen
2570 3145 2763 3227 reffl
2805 3143 3121 3240 studi03
3176 3142 3314 3226 sed
3360 3140 3672 3256 semper
3738 3141 3981 3225 infida
4023 3141 4282 3227 scele-

1500 3291 1703 3344 rum·
1734 3263 2121 3353 societate
2170 3271 2510 3354 accensa
2537 3330 2565 3373 ,
2616 3268 3050 3380 Polybium
3077 3330 3106 3375 ,
3158 3270 3314 3354 suis
3359 3266 3771 3355 adulteriis
3797 3263 4226 3378 inligatum
4249 3328 4283 3373 ,

1507 3391 1900 3504 corripuit
1944 3403 2027 3478 ὃς
2071 3396 2478 3481 interfecit
2515 3391 2544 3442 ⁸
2578 3433 2595 3478 :
2640 3394 3144 3481 laudandum¹
3179 3396 3506 3508 quidem
3545 3392 3648 3479 ob
3690 3391 4096 3477 literarum
4137 3399 4283 3478 stu-

1500 3514 1631 3600 dia
1668 3526 1702 3574 ⁹
1765 3527 1848 3602 ὃ(
1890 3522 2199 3630 ingenii
2245 3521 2723 3607 facilitatem
2758 3581 2788 3628 ,
2849 3525 2936 3606 ni
2988 3525 3377 3636 ingenuas
3427 3549 3631 3608 artes
3694 3516 4084 3636 probrosa
4129 3522 4287 3607 for-

1505 3637 1704 3724 tuna
1742 3644 2347 3733 dehonestaffet.
4333 3659 4431 3740 25

1494 3791 1779 3874 l'Histoire
1823 3793 1919 3856 des
1951 3795 2219 3861 Sciences
2262 3799 2325 3862 ὓ·
2361 3799 2459 3864 des
2485 3791 2845 3885 beauxArts,
2926 3803 3226 3869 servitute
3250 3802 3535 3880 liberati,
3564 3801 3642 3865 ad
3673 3799 4045 3881 dignitatem
4069 3800 4277 3882 eques-

1495 3873 1711 3936 mense
1779 3874 1950 3938 Julio
2006 3879 2157 3939 anni
2212 3885 2393 3962 1708.
2414 3959 2428 3972 ·
2453 3903 2592 3964 pag.
2663 3894 2842 3950 1261.
2926 3902 3089 3948 trem
3154 3881 3536 3947 tranfilirent
3566 3901 3584 3938 ε
3639 3878 3814 3960 quod
3868 3879 3953 3941 ita
4063 3880 4277 3944 romis-

1492 3951 1568 4015 &
1601 3951 1811 4016 mense
1861 3957 2250 4035 Septembri,
2281 3979 2431 4022 anm
2481 3983 2584 4043 ¹7¹
2598 3982 2657 4044 5.
2705 3985 2843 4046 pag.
2926 3985 3115 4028 cuum
3139 3962 3256 4026 effe
3311 3980 3408 4023 coe
3453 3958 3540 4033 it,
3579 3973 3639 4046 ξιτ
3667 3954 3815 4032 apud
3838 3954 3981 4017 Clau
4021 3978 4132 4048 11:723
4154 3958 4279 4020 Coe-

1501 4048 1683 4112 1543.
2907 4045 3095 4121 fizrem
3119 4087 3137 4116 ,
3175 4041 3234 4098 in
3280 3980 3505 4174 censgrd
3543 4053 3697 4110 ejus,
3727 4053 3872 4094 unus
3912 4056 3984 4096 ex
4009 4038 4280 4118 equztibus

1575 4119 1593 4148 ¹
1643 4113 1775 4185 Qur
1794 4110 2134 4175 Puemcnu
2159 4115 2349 4191 JHoec
2372 4114 2566 4180 habet
2583 4118 2840 4195 Plinius,
2929 4120 3162 4180 Flavius
3177 4116 3356 4176 Proca
3380 4133 3447 4173 us·
3476 4110 3910 4197 quadringentos
3939 4135 4011 4177 ex
4045 4118 4113 4177 ed
4149 4137 4277 4178 cau-

1487 4187 1661 4276 X,·2.
1688 4186 1906 4254 Viaor
1941 4210 2198 4272 quoque
2215 4192 2285 4254 in
2325 4195 2664 4258 Caesaribus
2685 4199 2753 4260 &
2776 4198 2843 4258 in
2922 4200 2989 4259 sd
3023 4215 3146 4257 reos
3174 4191 3489 4275 postularet.

1487 4267 1806 4356 Epitome.
1844 4268 1941 4330 De
1983 4270 2279 4335 Phoenice
2323 4272 2559 4335 dietum
2593 4275 2732 4338 satis
2774 4275 2842 4337 in
3001 4277 3031 4316 ⁶
3072 4276 3313 4338 Por-ens
3375 4274 3741 4349 murrona]
3791 4275 3967 4352 Haec,
4007 4274 4276 4337 versum-

1489 4345 1686 4408 Notxs
1716 4346 1796 4408 ad
1834 4349 2059 4411 Annal.
2101 4353 2222 4426 VI,
2258 4355 2361 4414 28.
2922 4375 3046 4435 que
3068 4355 3353 4417 Graecum
3371 4402 3391 4432 ,
3423 4353 3614 4416 habet
3641 4353 3769 4416 Dio
3789 4401 3810 4432 ,
3836 4355 3949 4419 lib.
3976 4355 4111 4416 Lx.
4132 4371 4271 4432 pag.

1569 4433 1597 4464 ²
1640 4427 1708 4486 In
1756 4427 2105 4506 Coun-10]
2140 4429 2498 4494 Comitium
2533 4451 2669 4512 pars
2715 4429 2841 4496 fori
2921 4438 3068 4512 684.

1485 4501 1783 4565 Romani.
1815 4504 1978 4569 Vide
2020 4506 2184 4571 infra
2222 4508 2351 4574 Vit.
2383 4511 2592 4592 Agric.
2623 4530 2754 4591 cap.
2778 4534 2840 4575 2.
3078 4511 3365 4592 'Aepo‘pm-le
3396 4517 3493 4579 im
3525 4517 3737 4588 εὖτυχῧν
3763 4510 4032 4590 mylas·-

1575 4592 1596 4633 3
1648 4583 1957 4645 ΡΑυιιυΜ
1984 4588 2469 4666 paucumque]
2498 4591 2594 4652 De
2618 4610 2842 4654 eorum
3000 4602 3028 4646 7
3069 4591 3167 4655 ΒΕ
3224 4595 3624 4669 cuxanus]
3678 4590 3806 4654 Dio
3833 4636 3854 4667 ,
3913 4587 4068 4650 ibid.
4127 4603 4267 4666 pag.

1487 4658 1745 4747 censura
1791 4661 2023 4725 dietum
2054 4666 2125 4727 in
2170 4668 2360 4730 Notis
2415 4670 2486 4732 ὃς
2525 4670 2843 4733 Eruenda·
2920 4675 3063 4753 685.
4253 4715 4256 4720 ·

1486 4739 1771 4798 tionibus
1823 4741 1902 4801 ad
1965 4745 2188 4807 Annal.
2258 4748 2345 4807 XI
2374 4791 2393 4820 ,
2444 4766 2547 4829 25.
2604 4748 2718 4812 ubi
2762 4750 2841 4812 de
3076 4753 3315 4815 Βισ-ιλιῖς
3354 4750 3565 4823 ἐγένοντο
3594 4754 3699 4826 χὀἱ
3726 4745 3837 4824 πρὶν
3872 4743 4000 4808 ’ὄντες
4038 4742 4266 4805 nimime·

1483 4814 1670 4879 censu
1715 4815 2026 4897 lustroque
2064 4825 2524 4888 Romanorum.
3000 4827 3026 4869 ⁸
3049 4829 3141 4889 Er
3169 4831 3580 4903 ruunt-ectr]
3607 4826 3758 4900 Dio,
3783 4823 3939 4886 ibid.
3963 4842 4041 4903 pa
4088 4829 4265 4885 .686.

1563 4900 1596 4939 4
1638 4893 1815 4954 Μοτι
1852 4902 2055 4973 sum]
2099 4901 2265 4974 Dio,
2294 4907 2433 4966 LX.
2460 4924 2598 4986 pag.
2633 4910 2777 4983 684.
2997 4916 3026 4957 9
3071 4909 3472 4968 Lamnum
3509 4906 3795 4982 swmA]
3840 4907 3996 4981 Quae
4072 4921 4268 4964 eneca

1566 4980 1589 5027 5
1637 4971 1931 5036 Numano
1967 4995 2046 5036 ετ
2061 4985 2329 5059 omnus]
2360 4985 2525 5047 Cum
2539 4984 2838 5067 plurimi,
2920 4985 3326 5051 commendat
3350 4985 3422 5048 in
3443 4984 3611 5049 libro
3632 5031 3655 5064 ,
3685 5004 3879 5068 quem
3914 4980 3982 5044 de
4017 4979 4262 5064 confile-
