4975 6149
860 327 1689 423 ANNALIUM
1753 333 2192 424 LIBER
2257 338 3263 435 DuoDEchUS.
3332 328 3467 456 '79

679 501 1021 623 spatium
1063 494 1532 613 amplexus,
1578 495 1678 582 ad
1728 500 1894 581 vim
1945 503 2307 613 remigii,
2349 502 2973 616 gubernantium
3024 539 3283 621 artes,
3330 518 3471 602 im-
3515 545 3749 589 Ξ

676 631 1067 750 petusque
1132 626 1467 710 navium
1503 685 1532 730 ,
1591 633 1675 709 ὃ(
1735 624 2031 740 proelio
2084 626 2347 713 solita.
2413 630 2512 714 In
2571 635 2870 721 ratibus
2922 644 3465 752 praetoriarum
3514 621 3748 775 ³⁰3⁰·st

677 758 1144 846 cohortium
1186 750 1583 867 manipuli
1618 776 2055 864 turmaeque
2107 755 2566 840 adstiterant
2587 820 2616 863 ,
2670 766 3128 877 antepositis
3166 799 3466 885 propu-
3545 731 3712 869 3,οὲ

676 881 1042 998 gnaculis
1072 941 1103 987 ,
1147 909 1252 963 ex
1308 879 1484 990 quis
1540 878 1961 993 catapultae
2018 880 2467 994 balistaeque
2513 886 3062 976 tenderentur.
3111 893 3465 1007 Reliqua
3569 899 3675 987 52·

579 1036 627 1119 5
679 1011 898 1097 lacus
943 1022 1012 1114 ¹,
1061 1005 1427 1093 classiarii
1483 1008 1708 1090 tectis
1766 1007 2104 1093 navibus
2158 1006 2663 1097 obtinebant.
2719 1016 2971 1129 Ripas
3022 1026 3106 1102 ὅ(
3165 1019 3462 1128 colleS,

675 1170 772 1224 ac
838 1138 1254 1221 montium
1323 1132 1541 1217 edita
1599 1134 1684 1216 in
1746 1134 2081 1218 modum
2134 1138 2480 1241 theatri,
2541 1138 2986 1229 multitudo
3042 1146 3464 1235 innumera

680 1261 1186 1379 complevit,
1256 1260 1647 1374 proximis
1706 1288 1750 1342 e
1811 1264 2328 1376 municipiis,
2384 1271 2466 1347 ὅ(
2516 1263 2651 1349 alii
2712 1265 2946 1351 Urbe
2992 1299 3096 1354 ex
3155 1270 3326 1387 ipsa
3371 1282 3401 1317 ²
3429 1335 3462 1380 ,

682 1391 993 1475 visendi
1050 1385 1482 1503 cupidine,
1540 1412 1677 1470 aut
1706 1384 1986 1472 officio
2037 1391 2123 1470 in
2174 1389 2665 1505 Principem.
2694 1394 2876 1508 Ipse
2920 1397 3205 1509 insigni
3241 1397 3469 1515 palu·-

681 1517 1061 1602 damento
1109 1524 1182 1619 ³,
1235 1542 1496 1622 neque
1547 1511 1840 1628 procul
1874 1514 2325 1629 Agrippina
2377 1515 2808 1631 chlamyde
2861 1524 3129 1607 aurata
3168 1535 3206 1584 4
3257 1557 3457 1640 prae-

528 1674 627 1731 ιο
674 1643 973 1727 sedere.
1008 1643 1466 1753 Pugnatum
1500 1699 1529 1744 ,
1587 1669 2070 1751 quamquam
2115 1644 2325 1726 inter
2362 1642 2674 1749 sontes,
2711 1645 3047 1732 fortium
3096 1654 3458 1735 virorum

672 1773 952 1854 animo
999 1803 1018 1850 ε
1071 1799 1168 1852 ac
1217 1768 1389 1879 post
1430 1763 1783 1850 multum
1825 1765 2311 1875 vulnerum,
2364 1772 2784 1856 occidioni
2835 1778 3194 1891 exempti
3247 1778 3464 1863 sunt.

798 1894 1107 1983 LVII.
1169 1895 1357 1976 SED
1384 1894 1737 2007 perfeeto
1766 1893 2225 2010 speclaculo
2239 1954 2269 1998 ,
2298 1922 2664 2011 apertum
2695 1928 3077 2011 aquarum
3114 1905 3290 1987 iter.
3331 1905 3463 1989 In-

679 2027 908 2115 curia
935 2022 1193 2136 operis
1223 2022 1629 2104 manifesta
1663 2021 1820 2103 fuit
1844 2081 1872 2123 ,
1901 2024 2117 2106 haud
2148 2022 2332 2106 satis
2363 2023 2692 2137 depressi
2724 2026 2822 2109 ad
2851 2024 3073 2113 lacus
3099 2031 3288 2134 ima,
3318 2028 3459 2113 vel

675 2150 941 2235 media
994 2156 1051 2231 5.
1100 2145 1430 2258 Eo'que,
1486 2173 1851 2263 tempore
1903 2143 2368 2255 interjeCm,
2414 2147 2649 2235 altius
2687 2152 2939 2235 effossi
2995 2154 3318 2269 specus3
3369 2164 3454 2239 ὅ(

682 2332 954 2397 obtinet.
980 2335 1085 2397 Ne
1110 2331 1324 2397 *sontes
1361 2330 1692 2410 homines,
1722 2332 1834 2416 qui
1896 2347 2028 2398 ‘roe-
2100 2331 2360 2399 illustrat
2403 2333 2641 2397 Plinius
2671 2336 2835 2411 vn,
2867 2341 2981 2418 56,
3023 2335 3221 2397 Teaas
3251 2335 3462 2418 longas·

680 2413 815 2475 liari
834 2414 1191 2488 debebant,
1213 2410 1440 2493 effugia
1456 2429 1826 2494 quaererent,
1870 2413 2025 2476 imul
2098 2412 2405 2481 invenere
2442 2412 2631 2494 Thasii
2662 2434 2678 2475 i
2721 2433 2894 2474 antea
2923 2436 2995 2474 ex
3029 2417 3196 2492 proni
3235 2419 3456 2475 tantam

677 2508 745 2555 ut
766 2493 1257 2556 rotundarentur
1279 2491 1826 2565 flexuraeaatibus
1843 2492 2023 2555 cinc-
2102 2490 2163 2551 er
2199 2494 2369 2569 puppi
2418 2491 2800 2573 pugnabatur.
2856 2496 3060 2556 Τεὸὶεε
3122 2494 3214 2556 hae
3257 2514 3449 2558 naves

679 2587 770 2637 tus
823 2571 908 2635 est
955 2570 1133 2635 lacus
1189 2569 1479 2659 ambitus.
1529 2573 1604 2632 In
1656 2570 1733 2633 iis
1785 2570 2024 2634 ratibus
2099 2570 2331 2634 Graecis
2372 2572 2743 2637 dicebantur
2777 2573 3212 2678 Karaepbfoeu,
3257 2572 3443 2636 Thu-

674 2648 1105 2731 praetoriarum
1138 2648 1500 2713 cohortium
1534 2649 1840 2730 manipuli
1883 2665 2021 2713 tur-
2099 2671 2132 2712 c
2184 2649 2317 2712 did.
2362 2652 2519 2727 VII,
2572 2672 2697 2728 403
2737 2651 2841 2714 vel
2891 2666 3264 2733 Κισιφμκτοι
3303 2659 3444 2727 υἷες,

676 2749 916 2810 rnaeque
958 2728 1273 2792 adstabant
1300 2774 1319 2804 ,
1352 2726 1711 2807 antepositis
1739 2748 2021 2868 propug-
2097 2731 2138 2791 P
2167 2727 2402 2792 utarch.
2456 2729 2524 2790 in
2566 2728 2802 2808 Pyrrho
2828 2773 2848 2802 ,
2915 2751 3058 2812 pag.
3108 2752 3248 2809 391.
3289 2731 3447 2794 Inde

675 2808 955 2883 maculis,
1005 2829 1085 2871 ex
1122 2809 1258 2888 quis
1292 2808 1617 2886 catapultae
1670 2809 1750 2870 ba
1777 2808 2025 2887 istaeque
2097 2808 2202 2869 vel
2247 2829 2326 2871 ex
2384 2808 2645 2867 testarum
2695 2808 2961 2871 nomine
3001 2830 3173 2873 error
3218 2809 3446 2888 prioris
3517 2823 3520 2826 ’

682 2887 1136 2962 tendebantur,
1165 2886 1394 2968 quibus
1425 2887 1845 2950 obruerentur
1879 2886 2025 2950 son-

686 2979 780 3033 tes
802 3011 823 3039 ,
873 2964 918 3026 si
972 2986 1237 3046 pugnam
1292 2966 1705 3031 detrectarent
1732 3012 1754 3042 ,
1804 2964 2024 3046 visque

685 3041 895 3126 proelii
920 3042 1091 3108 foret
1131 3045 1358 3125 major.
1380 3044 1479 3107 De
1512 3044 1748 3109 ratibus
1787 3064 2027 3109 earum-

684 3143 810 3264 quie
855 3123 1067 3268 §irio
1116 3126 1293 3206 plura
1337 3122 1625 3188 dicentur
1687 3121 1853 3187 infra
1898 3127 2026 3186 An-

682 3223 765 3268 na
799 3249 815 3265 ο
971 3251 991 3279 ’
1033 3224 1133 3284 37·
1977 3277 1990 3291 ·

761 3293 778 3322 ¹
806 3284 1093 3356 Renoua
1121 3304 1344 3358 Lacus,
1369 3284 1773 3358 cLAssianii]
1800 3281 2024 3343 Gravis

676 3355 789 3423 hac
829 3362 906 3424 de
937 3383 1004 3425 re
1039 3362 1206 3426 inter
1249 3361 1459 3425 Taciti
1507 3360 1877 3441 interpretes
1900 3358 2024 3422 dis-

680 3438 900 3505 senfio.
940 3440 1201 3506 Plurimi
1224 3442 1646 3506 *contendunt
1697 3437 2025 3504 classiarios

680 3518 829 3583 illos
856 3540 1002 3582 cum
1047 3520 1227 3585 tectis
1276 3518 1545 3583 navibus
1588 3517 1831 3601 reliqua
1858 3518 2026 3581 lacus

680 3596 842 3678 ripas
877 3597 1042 3663 inter
1071 3601 1140 3663 &
1174 3617 1331 3664 rates
1369 3597 1889 3679 praetorianorum
1914 3617 2021 3660 oc-

678 3676 918 3767 cupaffe
951 3724 971 3755 ,
1023 3677 1112 3741 ita
1147 3694 1215 3742 ut
1256 3695 1380 3742 tres
1431 3677 1667 3741 fuerint
1716 3675 1971 3740 ordines
1996 3723 2018 3753 ,

676 3773 908 3846 primus
959 3757 1220 3820 navium
1263 3762 1562 3822 tectarum
1598 3774 1742 3820 cum
1793 3755 2021 3820 claffia·

2096 2884 2427 2950 sententiat
2462 2902 2654 2967 patet.
2703 2890 2999 2950 Praeterea
3052 2886 3099 2948 fi
3169 2886 3447 2971 claffiarii

2096 2982 2272 3030 erant
2295 2964 2365 3027 in
2389 2965 2658 3043 navibus
2683 2968 2857 3039 tectis
2890 2966 3226 3047 primoque
3267 2967 3450 3030 ordi-

2096 3065 2217 3122 ne,
2262 3043 2401 3127 quis
2448 3065 2597 3126 ergo
2643 3045 2967 3124 triremes,
3023 3044 3449 3127 quadriremes

2096 3125 2451 3205 ceterasque
2508 3146 2701 3189 naves
2745 3126 3126 3188 bellatorum
3167 3123 3447 3205 agebat?

2174 3212 2200 3241 ²
2245 3207 2423 3264 URBE
2467 3225 2551 3266 Ex
2594 3205 2780 3280 irsA]
2809 3204 3012 3264 Roma
3063 3202 3213 3264 inde
3260 3202 3444 3264 dista·

2095 3280 2205 3344 bat
2231 3281 2346 3341 LII
2392 3279 2674 3342 millibus
2718 3280 3016 3359 paffuum.

2180 3369 2201 3414 3
2249 3361 2487 3421 Insioiu
2554 3378 3032 3420 PALUDAMENTO
3089 3359 3128 3433 ]
3185 3354 3457 3418 Militarr

2097 3436 2284 3502 veste.
2314 3444 2706 3516 Στριπωτικῦς
2724 3481 2744 3511 ,
2783 3435 2912 3500 Dio
2948 3437 3067 3499 LX
3090 3483 3110 3510 ‚
3139 3456 3276 3517 pag.
3297 3440 3443 3516 687.

2175 3526 2207 3566 4
2247 3519 2619 3581 Catamitus
2647 3519 2962 3593 Auium]
3000 3517 3204 3578 Immo
3235 3514 3446 3576 aurea.

2097 3594 2256 3658 Plin.
2291 3597 2602 3671 XXXIII,
2643 3616 2714 3674 3,
2755 3594 2895 3658 sest.
2942 3614 3037 3670 19.
3059 3594 3185 3654 Nos
3207 3591 3457 3652 vidimus

2095 3673 2470 3757 Agrippinam
2511 3672 2738 3736 Claudii
2797 3673 3118 3748 Principis,
3153 3668 3346 3732 edente
3381 3690 3444 3731 eo

2093 3751 2318 3815 navalis
2343 3751 2528 3829 proeli’i
2591 3751 2958 3828 pefiaculum,
2997 3749 3305 3833 afficientem
3349 3749 3441 3824 εὶ,

678 3834 820 3910 riis,
850 3835 1158 3899 secundus
1181 3836 1410 3899 ratium
1431 3856 1575 3899 curn
1601 3833 2018 3916 praetorianis,
2092 3831 2345 3894 indutam
2397 3830 2531 3907 palu
2572 3851 2786 3894 amento
2815 3879 2838 3911 ,
2890 3851 3025 3898 auro
3073 3825 3256 3891 textili
3309 3826 3457 3911 stne

677 3914 891 3977 tertius
906 3915 1260 3978 triremium
1281 3916 1350 3980 &
1367 3912 1856 3996 quadriremium
1876 3933 2018 3977 cum

679 3991 964 4056 sontibus
1020 3993 1479 4085 depugnaturus·
1528 3997 1619 4078 At·
1648 3997 1815 4084 certe
1856 3992 1976 4056 alia
1999 4040 2019 4069 ,

680 4089 990 4152 veraque,
1036 4093 1213 4137 mens
1275 4090 1665 4154 optimorum
1710 4087 2019 4153 interpre-

681 4162 859 4236 πψτη
909 4151 1187 4232 duosque
1231 4155 1473 4215 tantum
1524 4150 1872 4233 agnoscunt
1922 4173 2021 4214 or-

683 4227 864 4289 dines
887 4249 1131 4317 gunum
1173 4232 1396 4294 ratium
1433 4230 1500 4292 in
1530 4230 1771 4294 ambitu
1794 4277 1814 4306 ,
1857 4228 2019 4294 alte-

680 4325 824 4372 rum
852 4308 1198 4371 triremium
1227 4312 1298 4373 &
1328 4308 1857 4391 quadriremium,
1889 4309 2025 4390 qui-

680 4384 800 4450 bus
857 4401 989 4449 erat
1037 4390 1455 4468 pugnandum.
1516 4392 1791 4452 Centum
1848 4404 2023 4452 erant

677 4482 870 4526 naves
893 4465 1052 4540 illae,
1084 4466 1153 4530 δε
1183 4468 1440 4558 quidem
1457 4467 1609 4528 2⁴6stae
1628 4514 1647 4543 ,
1677 4467 1742 4530 id
1769 4465 1850 4528 est
1874 4489 2025 4529 con-

679 4544 1002 4606 tabulatae:
1036 4542 1104 4606 in
1148 4544 1242 4608 his
1301 4546 1592 4611 tabulatis
1632 4547 2025 4626 depugnaba-

680 4637 780 4709 ηπ
800 4669 817 4696 ,
850 4639 919 4685 ut
943 4623 1185 4687 constat
1208 4646 1287 4687 ex
1306 4626 1624 4689 veteribus
1649 4644 2023 4687 monumen·

681 4712 797 4772 τις,
833 4720 903 4764 ac
959 4701 1235 4767 maxime
1283 4725 1361 4767 ex
1408 4704 1659 4785 picturis
1716 4703 2024 4766 Hercula-

684 4775 1009 4851 nensibus‚
1063 4780 1283 4842 Pitture
1333 4782 1576 4845 Anticlie
1642 4779 1974 4841 d'Ercolano
2003 4824 2023 4851 ‚

683 4852 877 4920 Tom.
901 4859 954 4919 1.
979 4860 1143 4927 Tab.
1180 4863 1388 4929 XLVI
1415 4864 1487 4931 &
1523 4863 1787 4930 vall.
1828 4859 2027 4939 Quod

2095 3910 2212 3973 alia
2249 3910 2504 3974 materie.

2180 4002 2199 4047 5
2246 3993 2345 4056 An
2396 4010 2595 4060 neus
2617 4011 2753 4065 ¹iim
2776 4035 2796 4064 ,
2827 4011 2954 4055 vat.
3004 4010 3212 4050 naim
3234 3987 3274 4062 J
3306 3985 3447 4050 Post

2096 4069 2339 4133 editum
2374 4069 2948 4150 navale-proelium,
2975 4089 3108 4148 pars
3132 4066 3200 4128 in
3245 4086 3351 4155 ens
3374 4065 3451 4128 8(

2094 4148 2411 4220 utilissima
2436 4150 2800 4229 speetaculi,
2831 4148 2997 4210 lacus
3023 4145 3149 4225 ipse
3227 4163 3446 4205 ucinus

2097 4245 2227 4292 erat
2265 4228 2664 4292 emittendus.
2695 4230 2849 4289 Ideo
2892 4226 3307 4313 allabofatum
3368 4240 3447 4310 ‘er

2098 4307 2395 4371 undecim
2441 4328 2643 4372 annos
2660 4355 2679 4380 ,
2740 4303 3080 4391 tantisque·
3103 4317 3338 4388 impen·
3364 4318 3442 4362 iis

2096 4407 2281 4450 mons
2319 4386 2549 4466 partim
2591 4383 2871 4455 effoffuS,
2909 4396 3153 4461 partim
3200 4378 3447 4467 excisus

2097 4487 2207 4545 per
2243 4464 2362 4528 tria
2404 4464 2681 4543 paffuum
2722 4460 2963 4548 millia3
3005 4461 3087 4519 At
3145 4471 3296 4518 tunc
3337 4475 3448 4551 in-

2098 4544 2268 4607 curia
2300 4543 2507 4622 operis
2531 4539 2847 4604 manifesta
2876 4538 2997 4602 fuit
3020 4581 3039 4608 ,
3089 4538 3233 4600 ciim
3276 4533 3446 4598 lacus

2098 4622 2265 4696 ima,
2314 4622 2419 4684 vel
2482 4620 2729 4690 media,
2792 4614 3160 4704 depreffiora
3205 4630 3450 4692 reperta

2099 4699 2273 4771 sunt,
2323 4701 2511 4779 quam
2563 4712 2631 4759 ut
2667 4717 2776 4777 per
2807 4709 3091 4773 apertum
3128 4707 3249 4755 iter
3272 4712 3455 4772 aquae

2098 4777 2166 4838 in
2203 4777 2386 4838 Lirin
2431 4775 2882 4838 derivarentur.
2922 4774 3060 4840 Nec
3105 4770 3454 4834 delendum·

2099 4875 2243 4922 cum
2268 4856 2518 4921 Mureto
2544 4853 2657 4917 ima
2684 4852 2803 4920 vel:
2832 4873 2953 4918 nec
2977 4848 3456 4917 emendandum
