<?xml version="1.0" encoding="UTF-8"?>
<!DOCTYPE html PUBLIC "-//W3C//DTD XHTML 1.0 Transitional//EN"
    "http://www.w3.org/TR/xhtml1/DTD/xhtml1-transitional.dtd">
<html xmlns="http://www.w3.org/1999/xhtml" xml:lang="en" lang="en">
 <head>
  <title>
</title>
<meta http-equiv="Content-Type" content="text/html;charset=utf-8" />
  <meta name='ocr-system' content='tesseract 3.04.00' />
  <meta name='ocr-capabilities' content='ocr_page ocr_carea ocr_par ocr_line ocrx_word'/>
</head>
<body>
  <div class='ocr_page' id='page_1' title='image "./ccorneliitaciti04brotgoog_0421.png"; bbox 0 0 4975 6149; ppageno 0'>
   <div class='ocr_carea' id='block_1_1' title="bbox 951 443 3479 566">
    <p class='ocr_par' dir='ltr' id='par_1_1' title="bbox 951 443 3479 566">
     <span class='ocr_line' id='line_1_1' title="bbox 951 443 3479 566; baseline 0.007 -33"><span class='ocrx_word' id='word_1_1' title='bbox 951 448 1119 534; x_wconf 91' lang='lat' dir='ltr'>AD</span> <span class='ocrx_word' id='word_1_2' title='bbox 1153 445 1616 532; x_wconf 87' lang='lat' dir='ltr'>LIBRUM</span> <span class='ocrx_word' id='word_1_3' title='bbox 1654 443 1894 530; x_wconf 84' lang='lat' dir='ltr'>XIII.</span> <span class='ocrx_word' id='word_1_4' title='bbox 1921 443 2208 533; x_wconf 88' lang='lat' dir='ltr'>ANN.</span> <span class='ocrx_word' id='word_1_5' title='bbox 2236 446 2333 532; x_wconf 92' lang='lat' dir='ltr'>C.</span> <span class='ocrx_word' id='word_1_6' title='bbox 2382 446 2747 538; x_wconf 85' lang='lat' dir='ltr'>CORN.</span> <span class='ocrx_word' id='word_1_7' title='bbox 2786 450 3207 544; x_wconf 88' lang='lat' dir='ltr'>TACITI.</span> <span class='ocrx_word' id='word_1_8' title='bbox 3305 492 3359 566; x_wconf 73' lang='lat'>4.</span> <span class='ocrx_word' id='word_1_9' title='bbox 3384 493 3411 547; x_wconf 86' lang='lat'>1</span> <span class='ocrx_word' id='word_1_10' title='bbox 3448 496 3479 550; x_wconf 84' lang='grc' dir='ltr'>ι</span> 
     </span>
    </p>
   </div>
   <div class='ocr_carea' id='block_1_2' title="bbox 689 598 3494 2000">
    <p class='ocr_par' dir='ltr' id='par_1_2' title="bbox 689 598 3494 2000">
     <span class='ocr_line' id='line_1_2' title="bbox 693 598 3489 703; baseline 0.001 -20"><span class='ocrx_word' id='word_1_11' title='bbox 693 606 852 683; x_wconf 82' lang='lat' dir='ltr'>Mff.</span> <span class='ocrx_word' id='word_1_12' title='bbox 901 602 1256 703; x_wconf 76' lang='lat' dir='ltr'>scriptura</span> <span class='ocrx_word' id='word_1_13' title='bbox 1285 655 1306 690; x_wconf 94' lang='lat'>‚</span> <span class='ocrx_word' id='word_1_14' title='bbox 1359 604 1432 675; x_wconf 90' lang='lat'>&amp;</span> <span class='ocrx_word' id='word_1_15' title='bbox 1475 598 1724 674; x_wconf 84' lang='lat' dir='ltr'>Taciti</span> <span class='ocrx_word' id='word_1_16' title='bbox 1768 598 1899 673; x_wconf 88' lang='lat' dir='ltr'>usu</span> <span class='ocrx_word' id='word_1_17' title='bbox 1927 654 1948 689; x_wconf 94' lang='lat'>‚</span> <span class='ocrx_word' id='word_1_18' title='bbox 2002 601 2185 676; x_wconf 88' lang='lat' dir='ltr'>olim</span> <span class='ocrx_word' id='word_1_19' title='bbox 2228 600 2364 676; x_wconf 87' lang='lat' dir='ltr'>scri</span> <span class='ocrx_word' id='word_1_20' title='bbox 2419 624 2575 678; x_wconf 86' lang='lat' dir='ltr'>tum</span> <span class='ocrx_word' id='word_1_21' title='bbox 2618 603 2820 685; x_wconf 83' lang='lat' dir='ltr'>fuiffe</span> <span class='ocrx_word' id='word_1_22' title='bbox 2862 609 3012 683; x_wconf 79' lang='lat' dir='ltr'>inde</span> <span class='ocrx_word' id='word_1_23' title='bbox 3051 611 3276 685; x_wconf 77' lang='lat' dir='ltr'>debilis</span> <span class='ocrx_word' id='word_1_24' title='bbox 3317 618 3489 689; x_wconf 54' lang='lat' dir='ltr'>Bura</span> 
     </span>
     <span class='ocr_line' id='line_1_3' title="bbox 690 699 3352 801; baseline 0.003 -21"><span class='ocrx_word' id='word_1_25' title='bbox 690 735 801 781; x_wconf 86' lang='lat' dir='ltr'>rus</span> <span class='ocrx_word' id='word_1_26' title='bbox 827 734 855 792; x_wconf 79' lang='grc'>,-</span> <span class='ocrx_word' id='word_1_27' title='bbox 910 702 1033 780; x_wconf 89' lang='lat' dir='ltr'>vel</span> <span class='ocrx_word' id='word_1_28' title='bbox 1080 704 1228 776; x_wconf 83' lang='lat' dir='ltr'>inde</span> <span class='ocrx_word' id='word_1_29' title='bbox 1274 702 1432 774; x_wconf 75' lang='lat' dir='ltr'>vilis</span> <span class='ocrx_word' id='word_1_30' title='bbox 1474 700 1747 772; x_wconf 85' lang='lat' dir='ltr'>Burrus.</span> <span class='ocrx_word' id='word_1_31' title='bbox 1793 700 2041 796; x_wconf 71' lang='lat' dir='ltr'>Rursus</span> <span class='ocrx_word' id='word_1_32' title='bbox 2083 699 2327 801; x_wconf 73' lang='lat' dir='ltr'>irrepsi</span> <span class='ocrx_word' id='word_1_33' title='bbox 2382 726 2423 775; x_wconf 85' lang='lat' dir='ltr'>e</span> <span class='ocrx_word' id='word_1_34' title='bbox 2468 702 2760 778; x_wconf 85' lang='lat' dir='ltr'>videtur</span> <span class='ocrx_word' id='word_1_35' title='bbox 2812 762 2833 794; x_wconf 93' lang='lat'>‚</span> <span class='ocrx_word' id='word_1_36' title='bbox 2897 707 3067 783; x_wconf 68' lang='lat' dir='ltr'>cum</span> <span class='ocrx_word' id='word_1_37' title='bbox 3138 735 3352 788; x_wconf 83' lang='lat' dir='ltr'>cortu</span> 
     </span>
     <span class='ocr_line' id='line_1_4' title="bbox 689 798 3483 907; baseline 0.001 -22"><span class='ocrx_word' id='word_1_38' title='bbox 689 805 829 885; x_wconf 67' lang='lat' dir='ltr'>fuit</span> <span class='ocrx_word' id='word_1_39' title='bbox 869 804 1222 903; x_wconf 86' lang='lat' dir='ltr'>scriptura</span> <span class='ocrx_word' id='word_1_40' title='bbox 1248 855 1273 891; x_wconf 91' lang='lat'><strong>,</strong></span> <span class='ocrx_word' id='word_1_41' title='bbox 1320 798 1596 901; x_wconf 79' lang='lat' dir='ltr'>aliique</span> <span class='ocrx_word' id='word_1_42' title='bbox 1640 798 1973 901; x_wconf 83' lang='lat' dir='ltr'>legerent</span> <span class='ocrx_word' id='word_1_43' title='bbox 2016 802 2312 875; x_wconf 75' lang='lat' dir='ltr'>indebilis</span> <span class='ocrx_word' id='word_1_44' title='bbox 2338 857 2362 890; x_wconf 87' lang='lat'>,</span> <span class='ocrx_word' id='word_1_45' title='bbox 2412 800 2540 874; x_wconf 90' lang='lat' dir='ltr'>alii</span> <span class='ocrx_word' id='word_1_46' title='bbox 2602 811 2950 878; x_wconf 79' lang='lat' dir='ltr'><em>Mancinus</em></span> <span class='ocrx_word' id='word_1_47' title='bbox 2980 863 3004 896; x_wconf 87' lang='lat'>,</span> <span class='ocrx_word' id='word_1_48' title='bbox 3057 808 3183 884; x_wconf 86' lang='lat' dir='ltr'>alii</span> <span class='ocrx_word' id='word_1_49' title='bbox 3227 815 3412 889; x_wconf 80' lang='lat' dir='ltr'>bilbil</span> <span class='ocrx_word' id='word_1_50' title='bbox 3457 871 3483 907; x_wconf 88' lang='lat'><strong>,</strong></span> 
     </span>
     <span class='ocr_line' id='line_1_5' title="bbox 692 898 3489 997; baseline 0.001 -16"><span class='ocrx_word' id='word_1_51' title='bbox 692 926 774 981; x_wconf 91' lang='lat' dir='ltr'>ut</span> <span class='ocrx_word' id='word_1_52' title='bbox 816 905 895 978; x_wconf 90' lang='lat' dir='ltr'>in</span> <span class='ocrx_word' id='word_1_53' title='bbox 937 903 1078 980; x_wconf 89' lang='lat' dir='ltr'>Ms.</span> <span class='ocrx_word' id='word_1_54' title='bbox 1121 901 1361 978; x_wconf 88' lang='lat' dir='ltr'>Vatic.</span> <span class='ocrx_word' id='word_1_55' title='bbox 1408 898 1874 975; x_wconf 87' lang='lat' dir='ltr'>Crediderim</span> <span class='ocrx_word' id='word_1_56' title='bbox 1915 920 2158 976; x_wconf 88' lang='lat' dir='ltr'>autem</span> <span class='ocrx_word' id='word_1_57' title='bbox 2196 925 2446 992; x_wconf 86' lang='lat' dir='ltr'>veram</span> <span class='ocrx_word' id='word_1_58' title='bbox 2490 899 2885 978; x_wconf 63' lang='lat' dir='ltr'>lectionem</span> <span class='ocrx_word' id='word_1_59' title='bbox 2935 906 3073 981; x_wconf 81' lang='lat' dir='ltr'>effe</span> <span class='ocrx_word' id='word_1_60' title='bbox 3101 962 3125 997; x_wconf 89' lang='lat'>‚</span> <span class='ocrx_word' id='word_1_61' title='bbox 3178 914 3326 987; x_wconf 77' lang='lat' dir='ltr'>inde</span> <span class='ocrx_word' id='word_1_62' title='bbox 3365 917 3489 990; x_wconf 61' lang='lat' dir='ltr'>de-Lss</span> 
     </span>
     <span class='ocr_line' id='line_1_6' title="bbox 695 999 3478 1103; baseline 0.003 -22"><span class='ocrx_word' id='word_1_63' title='bbox 695 1008 847 1081; x_wconf 69' lang='lat' dir='ltr'>bilis</span> <span class='ocrx_word' id='word_1_64' title='bbox 893 1008 1191 1077; x_wconf 84' lang='lat' dir='ltr'>Burrus:</span> <span class='ocrx_word' id='word_1_65' title='bbox 1243 1000 1469 1103; x_wconf 90' lang='lat' dir='ltr'>idque</span> <span class='ocrx_word' id='word_1_66' title='bbox 1512 999 1818 1075; x_wconf 84' lang='lat' dir='ltr'>suadent</span> <span class='ocrx_word' id='word_1_67' title='bbox 1866 1025 2028 1101; x_wconf 83' lang='lat' dir='ltr'>quae</span> <span class='ocrx_word' id='word_1_68' title='bbox 2069 1002 2464 1101; x_wconf 83' lang='lat' dir='ltr'>sequuntur</span> <span class='ocrx_word' id='word_1_69' title='bbox 2490 1056 2514 1091; x_wconf 91' lang='lat'><em>‚</em></span> <span class='ocrx_word' id='word_1_70' title='bbox 2563 1006 2793 1075; x_wconf 81' lang='lat' dir='ltr'>truncd</span> <span class='ocrx_word' id='word_1_71' title='bbox 2810 1006 3063 1098; x_wconf 79' lang='lat' dir='ltr'>scilicet</span> <span class='ocrx_word' id='word_1_72' title='bbox 3091 1035 3312 1087; x_wconf 82' lang='lat' dir='ltr'>manu.</span> <span class='ocrx_word' id='word_1_73' title='bbox 3348 1017 3478 1088; x_wconf 87' lang='lat' dir='ltr'>De-</span> 
     </span>
     <span class='ocr_line' id='line_1_7' title="bbox 695 1099 3489 1203; baseline 0.003 -20"><span class='ocrx_word' id='word_1_74' title='bbox 695 1107 944 1183; x_wconf 73' lang='lat' dir='ltr'>bilitati</span> <span class='ocrx_word' id='word_1_75' title='bbox 988 1102 1183 1178; x_wconf 90' lang='lat' dir='ltr'>enim</span> <span class='ocrx_word' id='word_1_76' title='bbox 1228 1100 1658 1178; x_wconf 84' lang='lat' dir='ltr'>dicebantur</span> <span class='ocrx_word' id='word_1_77' title='bbox 1691 1156 1714 1190; x_wconf 90' lang='lat'>,</span> <span class='ocrx_word' id='word_1_78' title='bbox 1761 1100 1890 1203; x_wconf 79' lang='lat' dir='ltr'>qui</span> <span class='ocrx_word' id='word_1_79' title='bbox 1933 1102 2085 1176; x_wconf 87' lang='lat' dir='ltr'>hoc</span> <span class='ocrx_word' id='word_1_80' title='bbox 2126 1099 2461 1201; x_wconf 89' lang='lat' dir='ltr'>corporis</span> <span class='ocrx_word' id='word_1_81' title='bbox 2517 1099 2708 1176; x_wconf 87' lang='lat' dir='ltr'>vitio</span> <span class='ocrx_word' id='word_1_82' title='bbox 2753 1101 3209 1183; x_wconf 83' lang='lat' dir='ltr'>laborabant.</span> <span class='ocrx_word' id='word_1_83' title='bbox 3254 1111 3489 1190; x_wconf 76' lang='lat' dir='ltr'>Unde</span> 
     </span>
     <span class='ocr_line' id='line_1_8' title="bbox 695 1199 3484 1306; baseline 0.004 -29"><span class='ocrx_word' id='word_1_84' title='bbox 695 1204 776 1277; x_wconf 87' lang='lat' dir='ltr'>in</span> <span class='ocrx_word' id='word_1_85' title='bbox 823 1200 1103 1306; x_wconf 87' lang='lat' dir='ltr'>Digest.</span> <span class='ocrx_word' id='word_1_86' title='bbox 1142 1201 1306 1278; x_wconf 86' lang='lat' dir='ltr'>libr.</span> <span class='ocrx_word' id='word_1_87' title='bbox 1347 1200 1618 1276; x_wconf 75' lang='lat' dir='ltr'>XLIX:</span> <span class='ocrx_word' id='word_1_88' title='bbox 1655 1200 1812 1275; x_wconf 89' lang='lat' dir='ltr'>Tit.</span> <span class='ocrx_word' id='word_1_89' title='bbox 1870 1203 1986 1276; x_wconf 89' lang='lat'>16.</span> <span class='ocrx_word' id='word_1_90' title='bbox 2041 1199 2217 1301; x_wconf 89' lang='lat' dir='ltr'>Leg.</span> <span class='ocrx_word' id='word_1_91' title='bbox 2286 1226 2364 1299; x_wconf 72' lang='lat'>4.</span> <span class='ocrx_word' id='word_1_92' title='bbox 2412 1225 2506 1275; x_wconf 87' lang='lat' dir='ltr'>ex</span> <span class='ocrx_word' id='word_1_93' title='bbox 2552 1202 2771 1277; x_wconf 85' lang='lat' dir='ltr'>Arrio</span> <span class='ocrx_word' id='word_1_94' title='bbox 2813 1203 3229 1282; x_wconf 82' lang='lat' dir='ltr'>Menandro</span> <span class='ocrx_word' id='word_1_95' title='bbox 3276 1238 3484 1289; x_wconf 72' lang='lat' dir='ltr'>num.</span> 
     </span>
     <span class='ocr_line' id='line_1_9' title="bbox 703 1298 3483 1403; baseline 0.003 -25"><span class='ocrx_word' id='word_1_96' title='bbox 703 1328 822 1379; x_wconf 76' lang='lat'>12.</span> <span class='ocrx_word' id='word_1_97' title='bbox 865 1308 1080 1391; x_wconf 85' lang='lat' dir='ltr'>Eum,</span> <span class='ocrx_word' id='word_1_98' title='bbox 1127 1309 1238 1403; x_wconf 79' lang='lat' dir='ltr'>qui</span> <span class='ocrx_word' id='word_1_99' title='bbox 1263 1302 1499 1400; x_wconf 77' lang='lat' dir='ltr'>filium</span> <span class='ocrx_word' id='word_1_100' title='bbox 1543 1303 1916 1375; x_wconf 77' lang='lat' dir='ltr'>debilitavit</span> <span class='ocrx_word' id='word_1_101' title='bbox 1943 1362 1964 1389; x_wconf 89' lang='lat'>,</span> <span class='ocrx_word' id='word_1_102' title='bbox 2007 1302 2244 1374; x_wconf 63' lang='lat' dir='ltr'>dileau</span> <span class='ocrx_word' id='word_1_103' title='bbox 2271 1356 2294 1390; x_wconf 90' lang='lat'><strong>,</strong></span> <span class='ocrx_word' id='word_1_104' title='bbox 2344 1299 2424 1374; x_wconf 91' lang='lat' dir='ltr'>id</span> <span class='ocrx_word' id='word_1_105' title='bbox 2463 1298 2565 1375; x_wconf 88' lang='lat' dir='ltr'>est</span> <span class='ocrx_word' id='word_1_106' title='bbox 2610 1303 2854 1375; x_wconf 61' lang='lat' dir='ltr'>delecffu</span> <span class='ocrx_word' id='word_1_107' title='bbox 2879 1357 2903 1392; x_wconf 90' lang='lat'>‚</span> <span class='ocrx_word' id='word_1_108' title='bbox 2943 1330 3061 1399; x_wconf 87' lang='lat' dir='ltr'>per</span> <span class='ocrx_word' id='word_1_109' title='bbox 3107 1308 3341 1381; x_wconf 82' lang='lat' dir='ltr'>bellum</span> <span class='ocrx_word' id='word_1_110' title='bbox 3378 1320 3483 1385; x_wconf 81' lang='lat' dir='ltr'>in-</span> 
     </span>
     <span class='ocr_line' id='line_1_10' title="bbox 697 1401 3487 1512; baseline -0.001 -33"><span class='ocrx_word' id='word_1_111' title='bbox 697 1404 911 1493; x_wconf 64' lang='lat' dir='ltr'>diae,</span> <span class='ocrx_word' id='word_1_112' title='bbox 955 1428 1027 1475; x_wconf 82' lang='lat' dir='ltr'>ut</span> <span class='ocrx_word' id='word_1_113' title='bbox 1072 1404 1373 1475; x_wconf 79' lang='lat' dir='ltr'>inhabilis</span> <span class='ocrx_word' id='word_1_114' title='bbox 1417 1404 1671 1474; x_wconf 74' lang='lat' dir='ltr'>militia</span> <span class='ocrx_word' id='word_1_115' title='bbox 1693 1401 1797 1497; x_wconf 87' lang='lat' dir='ltr'>fit</span> <span class='ocrx_word' id='word_1_116' title='bbox 1827 1454 1851 1490; x_wconf 89' lang='lat'><strong><em>‚</em></strong></span> <span class='ocrx_word' id='word_1_117' title='bbox 1910 1424 2295 1496; x_wconf 83' lang='lat' dir='ltr'>praeceptum</span> <span class='ocrx_word' id='word_1_118' title='bbox 2343 1402 2484 1473; x_wconf 77' lang='lat' dir='ltr'>divi</span> <span class='ocrx_word' id='word_1_119' title='bbox 2537 1404 2804 1500; x_wconf 83' lang='lat' dir='ltr'>Trajam‘</span> <span class='ocrx_word' id='word_1_120' title='bbox 2855 1404 3244 1499; x_wconf 71' lang='lat' dir='ltr'>deportavit.</span> <span class='ocrx_word' id='word_1_121' title='bbox 3297 1409 3487 1512; x_wconf 62' lang='lat' dir='ltr'>Epi..</span> 
     </span>
     <span class='ocr_line' id='line_1_11' title="bbox 696 1499 3488 1591; baseline 0.001 -12"><span class='ocrx_word' id='word_1_122' title='bbox 696 1503 903 1580; x_wconf 80' lang='lat' dir='ltr'>theta</span> <span class='ocrx_word' id='word_1_123' title='bbox 957 1500 1194 1578; x_wconf 87' lang='lat' dir='ltr'>omifit</span> <span class='ocrx_word' id='word_1_124' title='bbox 1241 1499 1355 1576; x_wconf 93' lang='lat' dir='ltr'>Cl.</span> <span class='ocrx_word' id='word_1_125' title='bbox 1407 1499 1722 1575; x_wconf 87' lang='lat' dir='ltr'>Gordon</span> <span class='ocrx_word' id='word_1_126' title='bbox 1749 1556 1775 1591; x_wconf 89' lang='lat'><strong><em>,</em></strong></span> <span class='ocrx_word' id='word_1_127' title='bbox 1814 1519 1900 1575; x_wconf 89' lang='lat' dir='ltr'>ut</span> <span class='ocrx_word' id='word_1_128' title='bbox 1942 1499 2265 1575; x_wconf 71' lang='lat' dir='ltr'>vividius</span> <span class='ocrx_word' id='word_1_129' title='bbox 2315 1521 2635 1576; x_wconf 86' lang='lat' dir='ltr'>verteret</span> <span class='ocrx_word' id='word_1_130' title='bbox 2661 1528 2685 1574; x_wconf 74' lang='lat' dir='ltr'>t</span> <span class='ocrx_word' id='word_1_131' title='bbox 2736 1506 2894 1577; x_wconf 72' lang='lat' dir='ltr'>with</span> <span class='ocrx_word' id='word_1_132' title='bbox 2940 1508 3073 1578; x_wconf 78' lang='lat' dir='ltr'>him</span> <span class='ocrx_word' id='word_1_133' title='bbox 3111 1510 3217 1579; x_wconf 78' lang='lat' dir='ltr'>she</span> <span class='ocrx_word' id='word_1_134' title='bbox 3262 1513 3488 1585; x_wconf 78' lang='lat' dir='ltr'>would</span> 
     </span>
     <span class='ocr_line' id='line_1_12' title="bbox 701 1600 3494 1706; baseline 0.003 -30"><span class='ocrx_word' id='word_1_135' title='bbox 701 1610 919 1698; x_wconf 84' lang='lat' dir='ltr'>repair</span> <span class='ocrx_word' id='word_1_136' title='bbox 962 1626 1028 1675; x_wconf 86' lang='lat' dir='ltr'>to</span> <span class='ocrx_word' id='word_1_137' title='bbox 1098 1605 1200 1674; x_wconf 82' lang='lat' dir='ltr'>the</span> <span class='ocrx_word' id='word_1_138' title='bbox 1239 1627 1419 1696; x_wconf 83' lang='lat' dir='ltr'>camp</span> <span class='ocrx_word' id='word_1_139' title='bbox 1445 1654 1469 1689; x_wconf 91' lang='lat'>,</span> <span class='ocrx_word' id='word_1_140' title='bbox 1512 1604 1720 1677; x_wconf 79' lang='lat' dir='ltr'>where</span> <span class='ocrx_word' id='word_1_141' title='bbox 1746 1655 1770 1691; x_wconf 89' lang='lat'><strong>,</strong></span> <span class='ocrx_word' id='word_1_142' title='bbox 1820 1627 1899 1673; x_wconf 82' lang='lat' dir='ltr'>on</span> <span class='ocrx_word' id='word_1_143' title='bbox 1932 1626 2046 1673; x_wconf 85' lang='lat' dir='ltr'>one</span> <span class='ocrx_word' id='word_1_144' title='bbox 2074 1600 2258 1702; x_wconf 85' lang='lat' dir='ltr'>fide,</span> <span class='ocrx_word' id='word_1_145' title='bbox 2301 1602 2521 1676; x_wconf 82' lang='lat' dir='ltr'><em>would</em></span> <span class='ocrx_word' id='word_1_146' title='bbox 2571 1604 2647 1674; x_wconf 87' lang='lat' dir='ltr'>be</span> <span class='ocrx_word' id='word_1_147' title='bbox 2683 1604 2877 1674; x_wconf 80' lang='lat' dir='ltr'>heard</span> <span class='ocrx_word' id='word_1_148' title='bbox 2922 1606 3029 1679; x_wconf 77' lang='lat' dir='ltr'>the</span> <span class='ocrx_word' id='word_1_149' title='bbox 3059 1606 3374 1706; x_wconf 79' lang='lat' dir='ltr'>daughter</span> <span class='ocrx_word' id='word_1_150' title='bbox 3412 1612 3494 1704; x_wconf 79' lang='lat' dir='ltr'>of</span> 
     </span>
     <span class='ocr_line' id='line_1_13' title="bbox 698 1700 3486 1799; baseline 0 -22"><span class='ocrx_word' id='word_1_151' title='bbox 698 1704 1118 1779; x_wconf 81' lang='lat' dir='ltr'>Germanicus</span> <span class='ocrx_word' id='word_1_152' title='bbox 1145 1752 1169 1787; x_wconf 89' lang='lat'>‚</span> <span class='ocrx_word' id='word_1_153' title='bbox 1215 1727 1297 1773; x_wconf 87' lang='lat' dir='ltr'>on</span> <span class='ocrx_word' id='word_1_154' title='bbox 1343 1705 1449 1775; x_wconf 86' lang='lat' dir='ltr'>the</span> <span class='ocrx_word' id='word_1_155' title='bbox 1488 1706 1716 1792; x_wconf 82' lang='lat' dir='ltr'>other,</span> <span class='ocrx_word' id='word_1_156' title='bbox 1761 1704 2055 1774; x_wconf 79' lang='lat' dir='ltr'>Burrhus</span> <span class='ocrx_word' id='word_1_157' title='bbox 2117 1700 2250 1773; x_wconf 84' lang='lat' dir='ltr'>and</span> <span class='ocrx_word' id='word_1_158' title='bbox 2297 1708 2528 1773; x_wconf 80' lang='lat' dir='ltr'>Senec&#39;a</span> <span class='ocrx_word' id='word_1_159' title='bbox 2557 1751 2580 1785; x_wconf 89' lang='lat'><strong>,</strong></span> <span class='ocrx_word' id='word_1_160' title='bbox 2630 1702 2732 1772; x_wconf 82' lang='lat' dir='ltr'>the</span> <span class='ocrx_word' id='word_1_161' title='bbox 2759 1701 2920 1799; x_wconf 82' lang='lat' dir='ltr'>first</span> <span class='ocrx_word' id='word_1_162' title='bbox 2971 1708 3131 1780; x_wconf 80' lang='lat' dir='ltr'>with</span> <span class='ocrx_word' id='word_1_163' title='bbox 3169 1709 3264 1780; x_wconf 81' lang='lat' dir='ltr'>his</span> <span class='ocrx_word' id='word_1_164' title='bbox 3311 1716 3486 1783; x_wconf 80' lang='lat' dir='ltr'>mai-</span> 
     </span>
     <span class='ocr_line' id='line_1_14' title="bbox 699 1799 3491 1905; baseline 0.003 -32"><span class='ocrx_word' id='word_1_165' title='bbox 699 1802 842 1874; x_wconf 78' lang='lat' dir='ltr'>med</span> <span class='ocrx_word' id='word_1_166' title='bbox 888 1802 1059 1876; x_wconf 85' lang='lat' dir='ltr'>hand</span> <span class='ocrx_word' id='word_1_167' title='bbox 1086 1856 1108 1891; x_wconf 90' lang='lat'><strong>,</strong></span> <span class='ocrx_word' id='word_1_168' title='bbox 1166 1803 1268 1874; x_wconf 81' lang='lat' dir='ltr'>the</span> <span class='ocrx_word' id='word_1_169' title='bbox 1286 1801 1522 1897; x_wconf 83' lang='lat' dir='ltr'>second</span> <span class='ocrx_word' id='word_1_170' title='bbox 1563 1804 1724 1877; x_wconf 75' lang='lat' dir='ltr'>with</span> <span class='ocrx_word' id='word_1_171' title='bbox 1765 1804 1867 1872; x_wconf 83' lang='lat' dir='ltr'>the</span> <span class='ocrx_word' id='word_1_172' title='bbox 1893 1799 2051 1897; x_wconf 76' lang='lat' dir='ltr'>stile</span> <span class='ocrx_word' id='word_1_173' title='bbox 2098 1801 2180 1897; x_wconf 89' lang='lat' dir='ltr'>of</span> <span class='ocrx_word' id='word_1_174' title='bbox 2219 1827 2262 1872; x_wconf 84' lang='lat' dir='ltr'>a</span> <span class='ocrx_word' id='word_1_175' title='bbox 2289 1800 2665 1899; x_wconf 81' lang='lat' dir='ltr'>pedagogue</span> <span class='ocrx_word' id='word_1_176' title='bbox 2698 1854 2721 1888; x_wconf 90' lang='lat'><strong>,</strong></span> <span class='ocrx_word' id='word_1_177' title='bbox 2767 1803 2916 1874; x_wconf 80' lang='lat' dir='ltr'>both</span> <span class='ocrx_word' id='word_1_178' title='bbox 2970 1808 3252 1905; x_wconf 80' lang='lat' dir='ltr'>engaged</span> <span class='ocrx_word' id='word_1_179' title='bbox 3319 1814 3391 1882; x_wconf 81' lang='lat' dir='ltr'>in</span> <span class='ocrx_word' id='word_1_180' title='bbox 3439 1833 3491 1882; x_wconf 76' lang='lat' dir='ltr'><em>a</em></span> 
     </span>
     <span class='ocr_line' id='line_1_15' title="bbox 700 1898 2881 2000; baseline -0 -26"><span class='ocrx_word' id='word_1_181' title='bbox 700 1900 934 1999; x_wconf 79' lang='lat' dir='ltr'>contest</span> <span class='ocrx_word' id='word_1_182' title='bbox 973 1904 1135 1979; x_wconf 79' lang='lat' dir='ltr'>with</span> <span class='ocrx_word' id='word_1_183' title='bbox 1183 1904 1293 1975; x_wconf 83' lang='lat' dir='ltr'>her</span> <span class='ocrx_word' id='word_1_184' title='bbox 1334 1901 1529 1975; x_wconf 76' lang='lat' dir='ltr'>about</span> <span class='ocrx_word' id='word_1_185' title='bbox 1570 1904 1676 1975; x_wconf 81' lang='lat' dir='ltr'>the</span> <span class='ocrx_word' id='word_1_186' title='bbox 1694 1902 2084 2000; x_wconf 75' lang='lat' dir='ltr'>fhuvereign</span> <span class='ocrx_word' id='word_1_187' title='bbox 2121 1902 2261 1973; x_wconf 81' lang='lat' dir='ltr'>rule</span> <span class='ocrx_word' id='word_1_188' title='bbox 2311 1900 2397 1997; x_wconf 79' lang='lat' dir='ltr'>os</span> <span class='ocrx_word' id='word_1_189' title='bbox 2419 1902 2659 1972; x_wconf 69' lang='lat' dir='ltr'>binnan</span> <span class='ocrx_word' id='word_1_190' title='bbox 2702 1898 2881 1973; x_wconf 80' lang='lat' dir='ltr'>kind.</span> 
     </span>
    </p>
   </div>
   <div class='ocr_carea' id='block_1_3' title="bbox 704 2099 3503 2601">
    <p class='ocr_par' dir='ltr' id='par_1_3' title="bbox 705 2099 3493 2403">
     <span class='ocr_line' id='line_1_16' title="bbox 805 2099 3484 2195; baseline 0.001 -19"><span class='ocrx_word' id='word_1_191' title='bbox 805 2099 1027 2177; x_wconf 92' lang='lat' dir='ltr'>CAP.</span> <span class='ocrx_word' id='word_1_192' title='bbox 1084 2102 1243 2177; x_wconf 92' lang='lat' dir='ltr'>XV.</span> <span class='ocrx_word' id='word_1_193' title='bbox 1299 2102 1802 2187; x_wconf 72' lang='lat' dir='ltr'><strong>U‘erm-:M</strong></span> <span class='ocrx_word' id='word_1_194' title='bbox 1856 2124 2419 2178; x_wconf 78' lang='lat' dir='ltr'>EXPERIMENTO</span> <span class='ocrx_word' id='word_1_195' title='bbox 2468 2100 2802 2195; x_wconf 91' lang='lat' dir='ltr'>]Mallet</span> <span class='ocrx_word' id='word_1_196' title='bbox 2829 2099 3354 2179; x_wconf 85' lang='lat' dir='ltr'>Freinshemius</span> <span class='ocrx_word' id='word_1_197' title='bbox 3388 2108 3484 2180; x_wconf 88' lang='lat' dir='ltr'>le-</span> 
     </span>
     <span class='ocr_line' id='line_1_17' title="bbox 705 2200 3488 2303; baseline 0.002 -29"><span class='ocrx_word' id='word_1_198' title='bbox 705 2205 777 2274; x_wconf 76' lang='lat' dir='ltr'>m‘</span> <span class='ocrx_word' id='word_1_199' title='bbox 819 2203 1090 2297; x_wconf 83' lang='lat' dir='ltr'>quidem.</span> <span class='ocrx_word' id='word_1_200' title='bbox 1122 2202 1214 2275; x_wconf 90' lang='lat' dir='ltr'>In</span> <span class='ocrx_word' id='word_1_201' title='bbox 1253 2202 1391 2275; x_wconf 92' lang='lat' dir='ltr'>Ms.</span> <span class='ocrx_word' id='word_1_202' title='bbox 1425 2201 1634 2276; x_wconf 88' lang='lat' dir='ltr'>Harl.</span> <span class='ocrx_word' id='word_1_203' title='bbox 1671 2203 1898 2276; x_wconf 72' lang='lat' dir='ltr'>altera</span> <span class='ocrx_word' id='word_1_204' title='bbox 1924 2225 2146 2276; x_wconf 88' lang='lat' dir='ltr'>manu</span> <span class='ocrx_word' id='word_1_205' title='bbox 2189 2201 2654 2277; x_wconf 87' lang='lat' dir='ltr'>emendatum</span> <span class='ocrx_word' id='word_1_206' title='bbox 2687 2204 2763 2275; x_wconf 57' lang='lat' dir='ltr'>ty</span> <span class='ocrx_word' id='word_1_207' title='bbox 2794 2225 2934 2303; x_wconf 91' lang='lat' dir='ltr'>pro</span> <span class='ocrx_word' id='word_1_208' title='bbox 2971 2224 3065 2275; x_wconf 83' lang='lat' dir='ltr'>ut.</span> <span class='ocrx_word' id='word_1_209' title='bbox 3098 2200 3488 2280; x_wconf 83' lang='lat' dir='ltr'>Freinshe-</span> 
     </span>
     <span class='ocr_line' id='line_1_18' title="bbox 705 2299 3493 2403; baseline 0 -29"><span class='ocrx_word' id='word_1_210' title='bbox 705 2299 858 2374; x_wconf 87' lang='lat' dir='ltr'>mio</span> <span class='ocrx_word' id='word_1_211' title='bbox 906 2299 1378 2401; x_wconf 86' lang='lat' dir='ltr'>suffragantur</span> <span class='ocrx_word' id='word_1_212' title='bbox 1421 2327 1585 2401; x_wconf 72' lang='lat' dir='ltr'>quae</span> <span class='ocrx_word' id='word_1_213' title='bbox 1634 2301 2027 2403; x_wconf 82' lang='lat' dir='ltr'>sequuntur</span> <span class='ocrx_word' id='word_1_214' title='bbox 2074 2328 2195 2400; x_wconf 84' lang='lat' dir='ltr'>quo</span> <span class='ocrx_word' id='word_1_215' title='bbox 2243 2327 2482 2375; x_wconf 84' lang='lat' dir='ltr'>tamen.</span> <span class='ocrx_word' id='word_1_216' title='bbox 3482 2332 3493 2363; x_wconf 73' lang='lat'>2</span> 
     </span>
    </p>

    <p class='ocr_par' dir='ltr' id='par_1_4' title="bbox 704 2395 3503 2601">
     <span class='ocr_line' id='line_1_19' title="bbox 819 2395 3503 2501; baseline 0.001 -30"><span class='ocrx_word' id='word_1_217' title='bbox 819 2395 1211 2474; x_wconf 74' lang='lat' dir='ltr'>Bonorum</span> <span class='ocrx_word' id='word_1_218' title='bbox 1271 2423 1701 2476; x_wconf 79' lang='lat' dir='ltr'>ALLATURA</span> <span class='ocrx_word' id='word_1_219' title='bbox 1754 2408 1792 2495; x_wconf 94' lang='lat'><em>]</em></span> <span class='ocrx_word' id='word_1_220' title='bbox 1853 2401 1941 2474; x_wconf 93' lang='lat' dir='ltr'>In</span> <span class='ocrx_word' id='word_1_221' title='bbox 1990 2401 2128 2475; x_wconf 90' lang='lat' dir='ltr'>Ms.</span> <span class='ocrx_word' id='word_1_222' title='bbox 2174 2400 2476 2501; x_wconf 71' lang='lat' dir='ltr'>Reg.,&amp;</span> <span class='ocrx_word' id='word_1_223' title='bbox 2531 2399 2862 2474; x_wconf 79' lang='lat' dir='ltr'>editione</span> <span class='ocrx_word' id='word_1_224' title='bbox 2915 2399 3253 2497; x_wconf 86' lang='lat' dir='ltr'>principe</span> <span class='ocrx_word' id='word_1_225' title='bbox 3306 2405 3503 2493; x_wconf 12' lang='lat' dir='ltr'>obla-t</span> 
     </span>
     <span class='ocr_line' id='line_1_20' title="bbox 704 2498 3489 2601; baseline 0.003 -32"><span class='ocrx_word' id='word_1_226' title='bbox 704 2519 856 2571; x_wconf 82' lang='lat' dir='ltr'>tura</span> <span class='ocrx_word' id='word_1_227' title='bbox 881 2526 912 2584; x_wconf 84' lang='lat'>‚-</span> <span class='ocrx_word' id='word_1_228' title='bbox 959 2499 1165 2599; x_wconf 87' lang='lat' dir='ltr'>quod</span> <span class='ocrx_word' id='word_1_229' title='bbox 1208 2498 1457 2574; x_wconf 87' lang='lat' dir='ltr'>laudat</span> <span class='ocrx_word' id='word_1_230' title='bbox 1496 2499 1612 2575; x_wconf 85' lang='lat' dir='ltr'>CI.</span> <span class='ocrx_word' id='word_1_231' title='bbox 1656 2498 2018 2575; x_wconf 82' lang='lat' dir='ltr'>Ernestus.</span> <span class='ocrx_word' id='word_1_232' title='bbox 2060 2503 2163 2575; x_wconf 87' lang='lat' dir='ltr'>At</span> <span class='ocrx_word' id='word_1_233' title='bbox 2209 2500 2472 2576; x_wconf 75' lang='lat' dir='ltr'>melius</span> <span class='ocrx_word' id='word_1_234' title='bbox 2541 2500 2773 2601; x_wconf 77' lang='lat' dir='ltr'>vulgo</span> <span class='ocrx_word' id='word_1_235' title='bbox 2835 2498 2993 2574; x_wconf 69' lang='grc' dir='ltr'>ΜΠ.</span> <span class='ocrx_word' id='word_1_236' title='bbox 3048 2500 3489 2577; x_wconf 68' lang='lat' dir='ltr'>Puteolanus</span> 
     </span>
    </p>
   </div>
   <div class='ocr_carea' id='block_1_4' title="bbox 706 2596 3502 2772">
    <p class='ocr_par' dir='ltr' id='par_1_5' title="bbox 706 2596 3502 2772">
     <span class='ocr_line' id='line_1_21' title="bbox 706 2596 3502 2769; baseline 0.001 -97"><span class='ocrx_word' id='word_1_237' title='bbox 706 2600 1126 2769; x_wconf 57' lang='lat' dir='ltr'>§lelaoptimae</span> <span class='ocrx_word' id='word_1_238' title='bbox 1163 2598 1527 2676; x_wconf 87' lang='lat' dir='ltr'>editiones</span> <span class='ocrx_word' id='word_1_239' title='bbox 1552 2655 1576 2691; x_wconf 89' lang='lat'><strong>,</strong></span> <span class='ocrx_word' id='word_1_240' title='bbox 1635 2604 1953 2675; x_wconf 77' lang='lat' dir='ltr'>allatura.</span> <span class='ocrx_word' id='word_1_241' title='bbox 2011 2601 2408 2705; x_wconf 86' lang='lat' dir='ltr'>Ignoratur</span> <span class='ocrx_word' id='word_1_242' title='bbox 2466 2598 2663 2675; x_wconf 88' lang='lat' dir='ltr'>unde</span> <span class='ocrx_word' id='word_1_243' title='bbox 2713 2596 2988 2699; x_wconf 83' lang='lat' dir='ltr'>Lipfius</span> <span class='ocrx_word' id='word_1_244' title='bbox 3051 2600 3419 2700; x_wconf 80' lang='lat' dir='ltr'>acceperit</span> <span class='ocrx_word' id='word_1_245' title='bbox 3467 2649 3502 2689; x_wconf 82' lang='lat'><strong>,</strong></span> 
     </span>
     <span class='ocr_line' id='line_1_22' title="bbox 709 2723 1007 2772; baseline 0.013 -4"><span class='ocrx_word' id='word_1_246' title='bbox 709 2723 735 2768; x_wconf 77' lang='lat'><em>1</em></span> <span class='ocrx_word' id='word_1_247' title='bbox 839 2725 1007 2772; x_wconf 61' lang='lat' dir='ltr'>lura·</span> 
     </span>
    </p>
   </div>
   <div class='ocr_carea' id='block_1_5' title="bbox 709 2768 3502 2999">
    <p class='ocr_par' dir='ltr' id='par_1_6' title="bbox 709 2768 3502 2999">
     <span class='ocr_line' id='line_1_23' title="bbox 810 2768 3502 2897; baseline 0.001 -28"><span class='ocrx_word' id='word_1_248' title='bbox 810 2794 1223 2886; x_wconf 70' lang='lat' dir='ltr'>Rnnuthm</span> <span class='ocrx_word' id='word_1_249' title='bbox 1278 2822 1559 2874; x_wconf 74' lang='lat' dir='ltr'>smnus</span> <span class='ocrx_word' id='word_1_250' title='bbox 1609 2801 1640 2895; x_wconf 91' lang='lat'>]</span> <span class='ocrx_word' id='word_1_251' title='bbox 1693 2799 1763 2873; x_wconf 88' lang='lat' dir='ltr'>A</span> <span class='ocrx_word' id='word_1_252' title='bbox 1798 2800 1958 2873; x_wconf 77' lang='grc' dir='ltr'>ΜΠ.</span> <span class='ocrx_word' id='word_1_253' title='bbox 2011 2798 2223 2876; x_wconf 83' lang='lat' dir='ltr'>Harl.</span> <span class='ocrx_word' id='word_1_254' title='bbox 2270 2800 2491 2877; x_wconf 90' lang='lat' dir='ltr'>Bodl.</span> <span class='ocrx_word' id='word_1_255' title='bbox 2548 2798 2691 2877; x_wconf 83' lang='lat' dir='ltr'>Jes.</span> <span class='ocrx_word' id='word_1_256' title='bbox 2759 2768 2959 2873; x_wconf 79' lang='lat' dir='ltr'>abest</span> <span class='ocrx_word' id='word_1_257' title='bbox 3006 2822 3153 2897; x_wconf 77' lang='lat' dir='ltr'>que.</span> <span class='ocrx_word' id='word_1_258' title='bbox 3208 2796 3502 2873; x_wconf 65' lang='lat' dir='ltr'>Frustra</span> 
     </span>
     <span class='ocr_line' id='line_1_24' title="bbox 709 2895 3493 2999; baseline -0.001 -24"><span class='ocrx_word' id='word_1_259' title='bbox 709 2912 945 2975; x_wconf 81' lang='lat' dir='ltr'>tentat</span> <span class='ocrx_word' id='word_1_260' title='bbox 992 2897 1111 2974; x_wconf 89' lang='lat' dir='ltr'>Cl.</span> <span class='ocrx_word' id='word_1_261' title='bbox 1159 2895 1491 2973; x_wconf 76' lang='lat' dir='ltr'>Ernestus</span> <span class='ocrx_word' id='word_1_262' title='bbox 1523 2953 1546 2987; x_wconf 90' lang='lat'><strong>,</strong></span> <span class='ocrx_word' id='word_1_263' title='bbox 1595 2898 1886 2999; x_wconf 77' lang='lat' dir='ltr'>rebusque</span> <span class='ocrx_word' id='word_1_264' title='bbox 1915 2899 2086 2994; x_wconf 75' lang='lat' dir='ltr'>suis.</span> <span class='ocrx_word' id='word_1_265' title='bbox 3487 2933 3493 2939; x_wconf 92' lang='lat'>·</span> 
     </span>
    </p>
   </div>
   <div class='ocr_carea' id='block_1_6' title="bbox 709 2994 3505 3475">
    <p class='ocr_par' dir='ltr' id='par_1_7' title="bbox 709 2994 3505 3475">
     <span class='ocr_line' id='line_1_25' title="bbox 816 2994 3505 3098; baseline 0.001 -30"><span class='ocrx_word' id='word_1_266' title='bbox 816 2994 1096 3084; x_wconf 81' lang='lat' dir='ltr'><strong>NEQUE</strong></span> <span class='ocrx_word' id='word_1_267' title='bbox 1147 3021 1431 3072; x_wconf 71' lang='lat' dir='ltr'>mamm</span> <span class='ocrx_word' id='word_1_268' title='bbox 1489 3022 1780 3072; x_wconf 63' lang='lat' dir='ltr'>cmm-:M</span> <span class='ocrx_word' id='word_1_269' title='bbox 1832 3002 1859 3096; x_wconf 92' lang='lat'>]</span> <span class='ocrx_word' id='word_1_270' title='bbox 1914 2996 2137 3072; x_wconf 73' lang='lat' dir='ltr'>Forte</span> <span class='ocrx_word' id='word_1_271' title='bbox 2172 2999 2397 3098; x_wconf 80' lang='lat' dir='ltr'>jubere</span> <span class='ocrx_word' id='word_1_272' title='bbox 2438 2997 2795 3077; x_wconf 82' lang='lat' dir='ltr'>redundat</span> <span class='ocrx_word' id='word_1_273' title='bbox 2825 3052 2846 3089; x_wconf 91' lang='lat'><strong>,</strong></span> <span class='ocrx_word' id='word_1_274' title='bbox 2894 3015 2978 3072; x_wconf 89' lang='lat' dir='ltr'>ut</span> <span class='ocrx_word' id='word_1_275' title='bbox 3032 2994 3379 3071; x_wconf 81' lang='lat' dir='ltr'>Acidalio</span> <span class='ocrx_word' id='word_1_276' title='bbox 3420 3001 3505 3072; x_wconf 67' lang='grc' dir='ltr'>δε</span> 
     </span>
     <span class='ocr_line' id='line_1_26' title="bbox 709 3093 2494 3201; baseline 0.004 -32"><span class='ocrx_word' id='word_1_277' title='bbox 709 3093 1014 3172; x_wconf 86' lang='lat' dir='ltr'>Ernesto</span> <span class='ocrx_word' id='word_1_278' title='bbox 1060 3096 1361 3197; x_wconf 87' lang='lat' dir='ltr'>placuit.</span> <span class='ocrx_word' id='word_1_279' title='bbox 1406 3097 1595 3173; x_wconf 86' lang='lat' dir='ltr'>Mox</span> <span class='ocrx_word' id='word_1_280' title='bbox 1633 3098 1829 3174; x_wconf 87' lang='lat' dir='ltr'>enim</span> <span class='ocrx_word' id='word_1_281' title='bbox 1871 3098 2244 3201; x_wconf 81' lang='lat' dir='ltr'>sequitur,</span> <span class='ocrx_word' id='word_1_282' title='bbox 2289 3103 2494 3192; x_wconf 70' lang='lat' dir='ltr'>iubet.</span> 
     </span>
     <span class='ocr_line' id='line_1_27' title="bbox 733 3192 3505 3294; baseline -0.003 -18"><span class='ocrx_word' id='word_1_283' title='bbox 733 3269 742 3276; x_wconf 87' lang='lat'>.</span> <span class='ocrx_word' id='word_1_284' title='bbox 817 3196 1212 3274; x_wconf 69' lang='lat' dir='ltr'>occutu</span> <span class='ocrx_word' id='word_1_285' title='bbox 1263 3221 1626 3275; x_wconf 65' lang='lat' dir='ltr'>noma-un</span> <span class='ocrx_word' id='word_1_286' title='bbox 1677 3207 1718 3294; x_wconf 88' lang='grc'>]</span> <span class='ocrx_word' id='word_1_287' title='bbox 1766 3199 2027 3275; x_wconf 86' lang='lat' dir='ltr'>Mallet</span> <span class='ocrx_word' id='word_1_288' title='bbox 2068 3199 2408 3277; x_wconf 74' lang='lat' dir='ltr'>Heinsius</span> <span class='ocrx_word' id='word_1_289' title='bbox 2437 3257 2460 3291; x_wconf 90' lang='lat'><strong>,</strong></span> <span class='ocrx_word' id='word_1_290' title='bbox 2507 3202 2849 3274; x_wconf 78' lang='lat' dir='ltr'>occultam.</span> <span class='ocrx_word' id='word_1_291' title='bbox 2897 3196 2989 3272; x_wconf 86' lang='lat' dir='ltr'>El</span> <span class='ocrx_word' id='word_1_292' title='bbox 3209 3217 3312 3270; x_wconf 66' lang='grc' dir='ltr'>ω.</span> <span class='ocrx_word' id='word_1_293' title='bbox 3352 3192 3505 3268; x_wconf 61' lang='lat' dir='ltr'>Saeae</span> 
     </span>
     <span class='ocr_line' id='line_1_28' title="bbox 712 3296 3504 3395; baseline 0.001 -27"><span class='ocrx_word' id='word_1_294' title='bbox 712 3319 808 3395; x_wconf 84' lang='lat' dir='ltr'>pe</span> <span class='ocrx_word' id='word_1_295' title='bbox 843 3296 916 3368; x_wconf 91' lang='lat' dir='ltr'>in</span> <span class='ocrx_word' id='word_1_296' title='bbox 958 3297 1112 3373; x_wconf 86' lang='lat' dir='ltr'>Mff.</span> <span class='ocrx_word' id='word_1_297' title='bbox 1145 3298 1743 3374; x_wconf 87' lang='lat' dir='ltr'>concurrentibus</span> <span class='ocrx_word' id='word_1_298' title='bbox 1768 3296 1998 3375; x_wconf 87' lang='lat' dir='ltr'>literis</span> <span class='ocrx_word' id='word_1_299' title='bbox 2025 3326 2091 3373; x_wconf 87' lang='lat' dir='ltr'><strong><em>m</em></strong></span> <span class='ocrx_word' id='word_1_300' title='bbox 2113 3355 2136 3391; x_wconf 91' lang='lat'>,</span> <span class='ocrx_word' id='word_1_301' title='bbox 2179 3325 2330 3375; x_wconf 89' lang='lat' dir='ltr'>una</span> <span class='ocrx_word' id='word_1_302' title='bbox 2363 3300 2746 3377; x_wconf 87' lang='lat' dir='ltr'>omittitur.</span> <span class='ocrx_word' id='word_1_303' title='bbox 2781 3298 3017 3376; x_wconf 79' lang='lat' dir='ltr'>Diver</span> <span class='ocrx_word' id='word_1_304' title='bbox 3043 3317 3217 3371; x_wconf 73' lang='lat' dir='ltr'>itate</span> <span class='ocrx_word' id='word_1_305' title='bbox 3249 3316 3504 3370; x_wconf 77' lang='lat' dir='ltr'>tamen</span> 
     </span>
     <span class='ocr_line' id='line_1_29' title="bbox 715 3393 2940 3475; baseline 0.004 -6"><span class='ocrx_word' id='word_1_306' title='bbox 715 3393 1108 3473; x_wconf 63' lang='lat' dir='ltr'>delectatur</span> <span class='ocrx_word' id='word_1_307' title='bbox 1162 3398 1487 3475; x_wconf 72' lang='lat' dir='ltr'>TacituS.</span> <span class='ocrx_word' id='word_1_308' title='bbox 2936 3410 2940 3414; x_wconf 80' lang='grc'><strong>’</strong></span> 
     </span>
    </p>
   </div>
   <div class='ocr_carea' id='block_1_7' title="bbox 717 3492 3499 3696">
    <p class='ocr_par' dir='ltr' id='par_1_8' title="bbox 717 3492 3499 3696">
     <span class='ocr_line' id='line_1_30' title="bbox 738 3492 3499 3595; baseline -0.003 -19"><span class='ocrx_word' id='word_1_309' title='bbox 738 3563 744 3576; x_wconf 91' lang='grc'><strong>.</strong></span> <span class='ocrx_word' id='word_1_310' title='bbox 811 3494 1267 3582; x_wconf 70' lang='lat' dir='ltr'><strong>PARARIQUE</strong></span> <span class='ocrx_word' id='word_1_311' title='bbox 1319 3525 1703 3577; x_wconf 72' lang='lat' dir='ltr'>vlmssmm</span> <span class='ocrx_word' id='word_1_312' title='bbox 1754 3508 1794 3595; x_wconf 86' lang='lat'>]</span> <span class='ocrx_word' id='word_1_313' title='bbox 1849 3500 2186 3576; x_wconf 77' lang='lat' dir='ltr'>Ernestus</span> <span class='ocrx_word' id='word_1_314' title='bbox 2215 3527 2260 3576; x_wconf 95' lang='lat' dir='ltr'>e</span> <span class='ocrx_word' id='word_1_315' title='bbox 2294 3499 2434 3577; x_wconf 64' lang='grc' dir='ltr'>ΜΓ.</span> <span class='ocrx_word' id='word_1_316' title='bbox 2476 3500 2680 3576; x_wconf 83' lang='lat' dir='ltr'>Flor.</span> <span class='ocrx_word' id='word_1_317' title='bbox 2716 3498 2788 3573; x_wconf 84' lang='lat' dir='ltr'>A</span> <span class='ocrx_word' id='word_1_318' title='bbox 2817 3494 3191 3573; x_wconf 67' lang='lat' dir='ltr'>veteribus</span> <span class='ocrx_word' id='word_1_319' title='bbox 3225 3492 3499 3571; x_wconf 64' lang='lat' dir='ltr'>eduin-⁴</span> 
     </span>
     <span class='ocr_line' id='line_1_31' title="bbox 717 3588 2375 3696; baseline 0.004 -30"><span class='ocrx_word' id='word_1_320' title='bbox 717 3588 928 3666; x_wconf 87' lang='lat' dir='ltr'>nibus</span> <span class='ocrx_word' id='word_1_321' title='bbox 972 3600 1042 3668; x_wconf 77' lang='grc' dir='ltr'>δε</span> <span class='ocrx_word' id='word_1_322' title='bbox 1094 3596 1244 3671; x_wconf 77' lang='lat' dir='ltr'>Msf.</span> <span class='ocrx_word' id='word_1_323' title='bbox 1288 3599 1500 3672; x_wconf 80' lang='lat' dir='ltr'>Harl.</span> <span class='ocrx_word' id='word_1_324' title='bbox 1545 3599 1763 3675; x_wconf 85' lang='lat' dir='ltr'>Bodl.</span> <span class='ocrx_word' id='word_1_325' title='bbox 1805 3599 1944 3675; x_wconf 78' lang='lat' dir='ltr'>Jef.</span> <span class='ocrx_word' id='word_1_326' title='bbox 1993 3601 2189 3674; x_wconf 83' lang='lat' dir='ltr'>abest</span> <span class='ocrx_word' id='word_1_327' title='bbox 2232 3628 2375 3696; x_wconf 81' lang='lat' dir='ltr'>que.</span> 
     </span>
    </p>
   </div>
   <div class='ocr_carea' id='block_1_8' title="bbox 717 3689 3505 3993">
    <p class='ocr_par' dir='ltr' id='par_1_9' title="bbox 717 3689 3505 3993">
     <span class='ocr_line' id='line_1_32' title="bbox 823 3689 3505 3798; baseline 0.001 -33"><span class='ocrx_word' id='word_1_328' title='bbox 823 3691 1384 3768; x_wconf 72' lang='lat' dir='ltr'>SEcumTATEM</span> <span class='ocrx_word' id='word_1_329' title='bbox 1441 3717 2002 3773; x_wconf 69' lang='lat' dir='ltr'>moaAnEuTuu</span> <span class='ocrx_word' id='word_1_330' title='bbox 2052 3706 2093 3791; x_wconf 86' lang='grc'>]</span> <span class='ocrx_word' id='word_1_331' title='bbox 2149 3696 2350 3771; x_wconf 69' lang='lat' dir='ltr'>Male</span> <span class='ocrx_word' id='word_1_332' title='bbox 2393 3696 2472 3772; x_wconf 89' lang='lat' dir='ltr'>in</span> <span class='ocrx_word' id='word_1_333' title='bbox 2515 3696 2676 3770; x_wconf 79' lang='lat' dir='ltr'>Mff.</span> <span class='ocrx_word' id='word_1_334' title='bbox 2740 3695 2925 3798; x_wconf 74' lang='lat' dir='ltr'>Reg.</span> <span class='ocrx_word' id='word_1_335' title='bbox 2971 3693 3186 3770; x_wconf 84' lang='lat' dir='ltr'>Bodl.</span> <span class='ocrx_word' id='word_1_336' title='bbox 3229 3689 3368 3767; x_wconf 74' lang='lat' dir='ltr'>Jes.</span> <span class='ocrx_word' id='word_1_337' title='bbox 3423 3696 3505 3767; x_wconf 61' lang='grc' dir='ltr'>ἀ·</span> 
     </span>
     <span class='ocr_line' id='line_1_33' title="bbox 717 3789 3496 3896; baseline -0 -31"><span class='ocrx_word' id='word_1_338' title='bbox 717 3789 1051 3868; x_wconf 89' lang='lat' dir='ltr'>editione</span> <span class='ocrx_word' id='word_1_339' title='bbox 1091 3793 1427 3893; x_wconf 84' lang='lat' dir='ltr'>principe</span> <span class='ocrx_word' id='word_1_340' title='bbox 1457 3849 1478 3881; x_wconf 93' lang='lat'>‚</span> <span class='ocrx_word' id='word_1_341' title='bbox 1512 3797 1883 3891; x_wconf 75' lang='lat' dir='ltr'>securitate.</span> <span class='ocrx_word' id='word_1_342' title='bbox 1930 3795 2412 3871; x_wconf 84' lang='lat' dir='ltr'>Securitatem</span> <span class='ocrx_word' id='word_1_343' title='bbox 2458 3794 2660 3871; x_wconf 87' lang='lat' dir='ltr'>enirn</span> <span class='ocrx_word' id='word_1_344' title='bbox 2696 3793 3051 3896; x_wconf 78' lang='lat' dir='ltr'>Principis</span> <span class='ocrx_word' id='word_1_345' title='bbox 3104 3790 3496 3868; x_wconf 79' lang='lat' dir='ltr'>moraban-</span> 
     </span>
     <span class='ocr_line' id='line_1_34' title="bbox 718 3891 3489 3993; baseline 0.002 -21"><span class='ocrx_word' id='word_1_346' title='bbox 718 3909 836 3972; x_wconf 88' lang='lat' dir='ltr'>tur</span> <span class='ocrx_word' id='word_1_347' title='bbox 881 3897 951 3967; x_wconf 88' lang='lat'>&amp;</span> <span class='ocrx_word' id='word_1_348' title='bbox 992 3891 1520 3993; x_wconf 89' lang='lat' dir='ltr'>impediebant.</span> <span class='ocrx_word' id='word_1_349' title='bbox 3476 3917 3489 3925; x_wconf 83' lang='grc'><strong>“</strong></span> 
     </span>
    </p>
   </div>
   <div class='ocr_carea' id='block_1_9' title="bbox 721 4034 3507 4301">
    <p class='ocr_par' dir='ltr' id='par_1_10' title="bbox 721 4034 3507 4301">
     <span class='ocr_line' id='line_1_35' title="bbox 829 4034 3507 4195; baseline 0.002 -33"><span class='ocrx_word' id='word_1_350' title='bbox 829 4089 1047 4165; x_wconf 90' lang='lat' dir='ltr'>CAP.</span> <span class='ocrx_word' id='word_1_351' title='bbox 1103 4093 1297 4168; x_wconf 90' lang='lat' dir='ltr'>XVI.</span> <span class='ocrx_word' id='word_1_352' title='bbox 1349 4053 1777 4172; x_wconf 64' lang='lat' dir='ltr'>butorus</span> <span class='ocrx_word' id='word_1_353' title='bbox 1816 4034 1953 4186; x_wconf 27' lang='lat' dir='ltr'>§H-</span> <span class='ocrx_word' id='word_1_354' title='bbox 1985 4118 2370 4172; x_wconf 70' lang='lat' dir='ltr'>rums-nus</span> <span class='ocrx_word' id='word_1_355' title='bbox 2422 4102 2464 4191; x_wconf 91' lang='grc'>]</span> <span class='ocrx_word' id='word_1_356' title='bbox 2513 4095 2694 4180; x_wconf 71' lang='lat' dir='ltr'>Hac</span> <span class='ocrx_word' id='word_1_357' title='bbox 2734 4093 3051 4195; x_wconf 67' lang='lat' dir='ltr'>suspe&amp;</span> <span class='ocrx_word' id='word_1_358' title='bbox 3100 4091 3333 4168; x_wconf 83' lang='lat' dir='ltr'>habet</span> <span class='ocrx_word' id='word_1_359' title='bbox 3369 4085 3507 4168; x_wconf 69' lang='lat' dir='ltr'>Etr-vj</span> 
     </span>
     <span class='ocr_line' id='line_1_36' title="bbox 721 4186 3091 4301; baseline 0 -33"><span class='ocrx_word' id='word_1_360' title='bbox 721 4186 976 4268; x_wconf 78' lang='lat' dir='ltr'>nestus.</span> <span class='ocrx_word' id='word_1_361' title='bbox 1025 4190 1334 4267; x_wconf 74' lang='lat' dir='ltr'>Minime</span> <span class='ocrx_word' id='word_1_362' title='bbox 1375 4218 1619 4287; x_wconf 78' lang='lat' dir='ltr'>tamen</span> <span class='ocrx_word' id='word_1_363' title='bbox 1659 4195 1966 4301; x_wconf 84' lang='lat' dir='ltr'>indigna</span> <span class='ocrx_word' id='word_1_364' title='bbox 2006 4196 2171 4272; x_wconf 90' lang='lat' dir='ltr'>sunt</span> <span class='ocrx_word' id='word_1_365' title='bbox 2208 4197 2568 4275; x_wconf 82' lang='lat' dir='ltr'>brevitate</span> <span class='ocrx_word' id='word_1_366' title='bbox 2614 4193 3091 4273; x_wconf 65' lang='lat' dir='ltr'>Corneliana.</span> 
     </span>
    </p>
   </div>
   <div class='ocr_carea' id='block_1_10' title="bbox 724 4245 3503 4485">
    <p class='ocr_par' dir='ltr' id='par_1_11' title="bbox 724 4245 3503 4485">
     <span class='ocr_line' id='line_1_37' title="bbox 818 4245 3503 4393; baseline -0.002 -32"><span class='ocrx_word' id='word_1_367' title='bbox 818 4285 1364 4366; x_wconf 65' lang='lat' dir='ltr'>Ansunnrrun</span> <span class='ocrx_word' id='word_1_368' title='bbox 1418 4320 1801 4373; x_wconf 59' lang='lat' dir='ltr'>vammum</span> <span class='ocrx_word' id='word_1_369' title='bbox 1850 4306 1892 4393; x_wconf 92' lang='lat'><em>]</em></span> <span class='ocrx_word' id='word_1_370' title='bbox 1947 4298 2062 4375; x_wconf 87' lang='lat' dir='ltr'>Ita</span> <span class='ocrx_word' id='word_1_371' title='bbox 2094 4298 2232 4375; x_wconf 80' lang='lat' dir='ltr'>Ms.</span> <span class='ocrx_word' id='word_1_372' title='bbox 2273 4297 2471 4377; x_wconf 88' lang='lat' dir='ltr'>Flor.</span> <span class='ocrx_word' id='word_1_373' title='bbox 2509 4298 2601 4375; x_wconf 89' lang='lat' dir='ltr'>In</span> <span class='ocrx_word' id='word_1_374' title='bbox 2646 4295 2805 4376; x_wconf 74' lang='grc' dir='ltr'>ΜΠ.</span> <span class='ocrx_word' id='word_1_375' title='bbox 2837 4292 3049 4367; x_wconf 81' lang='lat' dir='ltr'>Harl.</span> <span class='ocrx_word' id='word_1_376' title='bbox 3085 4287 3304 4364; x_wconf 88' lang='lat' dir='ltr'>Bodl.</span> <span class='ocrx_word' id='word_1_377' title='bbox 3351 4245 3503 4359; x_wconf 56' lang='lat' dir='ltr'>Jes.L</span> 
     </span>
     <span class='ocr_line' id='line_1_38' title="bbox 724 4386 1773 4485; baseline -0.002 -22"><span class='ocrx_word' id='word_1_378' title='bbox 724 4389 799 4463; x_wconf 86' lang='lat'>&amp;</span> <span class='ocrx_word' id='word_1_379' title='bbox 840 4386 1284 4462; x_wconf 82' lang='lat' dir='ltr'>Puteolanus</span> <span class='ocrx_word' id='word_1_380' title='bbox 1311 4444 1338 4477; x_wconf 89' lang='lat'>,</span> <span class='ocrx_word' id='word_1_381' title='bbox 1381 4393 1773 4485; x_wconf 71' lang='lat' dir='ltr'>infunditur,</span> 
     </span>
    </p>
   </div>
   <div class='ocr_carea' id='block_1_11' title="bbox 725 4479 3515 4993">
    <p class='ocr_par' dir='ltr' id='par_1_12' title="bbox 725 4479 3507 4793">
     <span class='ocr_line' id='line_1_39' title="bbox 823 4479 3507 4597; baseline -0.003 -36"><span class='ocrx_word' id='word_1_382' title='bbox 823 4485 1166 4563; x_wconf 73' lang='lat' dir='ltr'>FalcmA</span> <span class='ocrx_word' id='word_1_383' title='bbox 1226 4511 1307 4562; x_wconf 77' lang='lat' dir='ltr'><strong>m</strong></span> <span class='ocrx_word' id='word_1_384' title='bbox 1363 4511 1579 4572; x_wconf 74' lang='lat' dir='ltr'><strong>AQUA</strong></span> <span class='ocrx_word' id='word_1_385' title='bbox 1631 4495 1659 4586; x_wconf 93' lang='lat'>]</span> <span class='ocrx_word' id='word_1_386' title='bbox 1712 4492 1920 4570; x_wconf 85' lang='lat' dir='ltr'>Errat</span> <span class='ocrx_word' id='word_1_387' title='bbox 1967 4523 2145 4597; x_wconf 86' lang='lat' dir='ltr'>ergo</span> <span class='ocrx_word' id='word_1_388' title='bbox 2218 4501 2555 4576; x_wconf 82' lang='lat' dir='ltr'>AElianus</span> <span class='ocrx_word' id='word_1_389' title='bbox 2590 4496 2663 4569; x_wconf 94' lang='lat' dir='ltr'>V</span> <span class='ocrx_word' id='word_1_390' title='bbox 2693 4544 2725 4583; x_wconf 80' lang='grc'><em>,</em></span> <span class='ocrx_word' id='word_1_391' title='bbox 2766 4514 2894 4584; x_wconf 88' lang='lat'>29.</span> <span class='ocrx_word' id='word_1_392' title='bbox 2944 4486 3112 4560; x_wconf 72' lang='lat' dir='ltr'>cum</span> <span class='ocrx_word' id='word_1_393' title='bbox 3147 4479 3507 4558; x_wconf 68' lang='lat' dir='ltr'>Britanni·</span> 
     </span>
     <span class='ocr_line' id='line_1_40' title="bbox 725 4582 3507 4698; baseline 0 -37"><span class='ocrx_word' id='word_1_394' title='bbox 725 4605 898 4661; x_wconf 77' lang='lat' dir='ltr'>eum</span> <span class='ocrx_word' id='word_1_395' title='bbox 919 4643 943 4676; x_wconf 89' lang='lat'>,</span> <span class='ocrx_word' id='word_1_396' title='bbox 992 4608 1075 4661; x_wconf 88' lang='lat' dir='ltr'>ut</span> <span class='ocrx_word' id='word_1_397' title='bbox 1112 4593 1183 4662; x_wconf 74' lang='grc' dir='ltr'>δε</span> <span class='ocrx_word' id='word_1_398' title='bbox 1210 4586 1607 4664; x_wconf 79' lang='lat' dir='ltr'>Claudium</span> <span class='ocrx_word' id='word_1_399' title='bbox 1622 4589 1794 4665; x_wconf 87' lang='lat' dir='ltr'>cibo</span> <span class='ocrx_word' id='word_1_400' title='bbox 1824 4648 1845 4680; x_wconf 94' lang='lat'>‚</span> <span class='ocrx_word' id='word_1_401' title='bbox 1884 4619 2042 4669; x_wconf 89' lang='lat' dir='ltr'>non</span> <span class='ocrx_word' id='word_1_402' title='bbox 2073 4599 2256 4672; x_wconf 71' lang='lat' dir='ltr'>verb</span> <span class='ocrx_word' id='word_1_403' title='bbox 2280 4622 2467 4698; x_wconf 82' lang='lat' dir='ltr'>potu</span> <span class='ocrx_word' id='word_1_404' title='bbox 2498 4595 2829 4672; x_wconf 71' lang='lat' dir='ltr'>eneaum</span> <span class='ocrx_word' id='word_1_405' title='bbox 2848 4582 3091 4661; x_wconf 81' lang='lat' dir='ltr'>tradit.</span> <span class='ocrx_word' id='word_1_406' title='bbox 3136 4587 3256 4657; x_wconf 69' lang='lat' dir='ltr'>Ka&gt;</span> <span class='ocrx_word' id='word_1_407' title='bbox 3301 4588 3507 4659; x_wconf 63' lang='grc' dir='ltr'>ἰαῦ-ἵει·</span> 
     </span>
     <span class='ocr_line' id='line_1_41' title="bbox 730 4691 2729 4793; baseline -0.003 -25"><span class='ocrx_word' id='word_1_408' title='bbox 730 4720 832 4767; x_wconf 60' lang='grc' dir='ltr'>τίς</span> <span class='ocrx_word' id='word_1_409' title='bbox 853 4742 876 4771; x_wconf 70' lang='grc'><em>,</em></span> <span class='ocrx_word' id='word_1_410' title='bbox 919 4698 996 4770; x_wconf 68' lang='lat'>035</span> <span class='ocrx_word' id='word_1_411' title='bbox 1029 4697 1392 4771; x_wconf 54' lang='lat' dir='ltr'>naum-3</span> <span class='ocrx_word' id='word_1_412' title='bbox 1428 4700 1724 4780; x_wconf 70' lang='grc' dir='ltr'>Ῥωμαῖος</span> <span class='ocrx_word' id='word_1_413' title='bbox 1746 4746 1768 4776; x_wconf 84' lang='lat'>‚</span> <span class='ocrx_word' id='word_1_414' title='bbox 1809 4691 1865 4769; x_wconf 56' lang='grc' dir='ltr'>ἒ</span> <span class='ocrx_word' id='word_1_415' title='bbox 1895 4704 2262 4793; x_wconf 71' lang='grc' dir='ltr'>Βριτιιηυιός</span> <span class='ocrx_word' id='word_1_416' title='bbox 2300 4709 2330 4771; x_wconf 77' lang='grc' dir='ltr'><strong>ὅ</strong></span> <span class='ocrx_word' id='word_1_417' title='bbox 2359 4696 2524 4769; x_wconf 61' lang='grc' dir='ltr'>τῦτυ</span> <span class='ocrx_word' id='word_1_418' title='bbox 2553 4703 2729 4771; x_wconf 63' lang='grc' dir='ltr'><strong><em>ταῖς.</em></strong></span> 
     </span>
    </p>

    <p class='ocr_par' dir='ltr' id='par_1_13' title="bbox 730 4778 3515 4993">
     <span class='ocr_line' id='line_1_42' title="bbox 770 4778 3513 4896; baseline -0.001 -38"><span class='ocrx_word' id='word_1_419' title='bbox 770 4880 787 4896; x_wconf 34' lang='grc'>0</span> <span class='ocrx_word' id='word_1_420' title='bbox 839 4784 957 4858; x_wconf 76' lang='grc' dir='ltr'>ΕΤ</span> <span class='ocrx_word' id='word_1_421' title='bbox 1011 4811 1349 4863; x_wconf 64' lang='lat' dir='ltr'>saturus</span> <span class='ocrx_word' id='word_1_422' title='bbox 1402 4812 1918 4865; x_wconf 67' lang='lat' dir='ltr'>RAm-:nmrruss</span> <span class='ocrx_word' id='word_1_423' title='bbox 1963 4801 2008 4888; x_wconf 52' lang='lat'>2]</span> <span class='ocrx_word' id='word_1_424' title='bbox 2060 4792 2177 4866; x_wconf 88' lang='lat' dir='ltr'>Ita</span> <span class='ocrx_word' id='word_1_425' title='bbox 2221 4793 2360 4863; x_wconf 88' lang='lat' dir='ltr'>Ms.</span> <span class='ocrx_word' id='word_1_426' title='bbox 2408 4789 2591 4889; x_wconf 88' lang='lat' dir='ltr'>Reg.</span> <span class='ocrx_word' id='word_1_427' title='bbox 2624 4785 2875 4887; x_wconf 70' lang='lat' dir='ltr'>Vulgo</span> <span class='ocrx_word' id='word_1_428' title='bbox 2909 4783 2987 4858; x_wconf 87' lang='lat' dir='ltr'>in</span> <span class='ocrx_word' id='word_1_429' title='bbox 3021 4782 3227 4858; x_wconf 80' lang='lat' dir='ltr'>libris</span> <span class='ocrx_word' id='word_1_430' title='bbox 3269 4778 3513 4892; x_wconf 78' lang='lat' dir='ltr'>scrip-</span> 
     </span>
     <span class='ocr_line' id='line_1_43' title="bbox 730 4880 3515 4993; baseline -0.004 -27"><span class='ocrx_word' id='word_1_431' title='bbox 730 4897 828 4966; x_wconf 66' lang='lat' dir='ltr'>tis</span> <span class='ocrx_word' id='word_1_432' title='bbox 845 4887 916 4978; x_wconf 74' lang='grc' dir='ltr'>ὃς</span> <span class='ocrx_word' id='word_1_433' title='bbox 936 4884 1147 4962; x_wconf 83' lang='lat' dir='ltr'>editis</span> <span class='ocrx_word' id='word_1_434' title='bbox 1163 4942 1187 4979; x_wconf 88' lang='lat'>,</span> <span class='ocrx_word' id='word_1_435' title='bbox 1211 4889 1569 4988; x_wconf 77' lang='lat' dir='ltr'>&amp;spiritus</span> <span class='ocrx_word' id='word_1_436' title='bbox 1594 4897 1731 4993; x_wconf 80' lang='lat' dir='ltr'>ejus</span> <span class='ocrx_word' id='word_1_437' title='bbox 1765 4914 2164 4988; x_wconf 74' lang='lat' dir='ltr'>raperentur.</span> <span class='ocrx_word' id='word_1_438' title='bbox 2180 4889 2286 4966; x_wconf 81' lang='lat' dir='ltr'>At</span> <span class='ocrx_word' id='word_1_439' title='bbox 2304 4887 2502 4964; x_wconf 76' lang='lat' dir='ltr'>certe</span> <span class='ocrx_word' id='word_1_440' title='bbox 2529 4911 2929 4993; x_wconf 80' lang='lat' dir='ltr'>numquam</span> <span class='ocrx_word' id='word_1_441' title='bbox 2949 4885 3251 4959; x_wconf 83' lang='lat' dir='ltr'>Tacitus</span> <span class='ocrx_word' id='word_1_442' title='bbox 3294 4880 3515 4981; x_wconf 74' lang='lat' dir='ltr'>senp-</span> 
     </span>
    </p>
   </div>
   <div class='ocr_carea' id='block_1_12' title="bbox 2860 5024 3124 5137">
    <p class='ocr_par' dir='ltr' id='par_1_14' title="bbox 2860 5024 3124 5137">
     <span class='ocr_line' id='line_1_44' title="bbox 2860 5024 3124 5137; baseline -0.03 -21"><span class='ocrx_word' id='word_1_443' title='bbox 2860 5024 3124 5137; x_wconf 83' lang='lat' dir='ltr'>Fffij</span> 
     </span>
    </p>
   </div>
  </div>
 </body>
</html>
