4975 6149
917 415 1566 509 ANNALIUM
1628 413 1972 505 LIBER
2038 414 2552 508 DECIMUS
2619 410 3158 539 QUINTUS.
3272 456 3446 537 205

666 585 1153 675 'centurione
1210 591 1294 668 &
1353 584 1630 699 paucis
1681 581 2122 686 militibus,
2162 612 2363 694 quos
2401 585 2750 672 visendis
2789 592 3135 675 hostium
3187 598 3446 710 copiis
3494 624 3729 669 Ξ

670 712 1194 832 praerniserat,
1222 711 1582 824 trepidus
1610 714 2023 796 remeavit.
2062 708 2365 821 thuia
2395 714 2655 820 minus
2689 720 2977 802 acriter
2991 717 3445 834 Vologeses
3495 701 3722 853 Abv‘c‘

672 845 1065 926 institerat
1094 897 1122 943 ,
1161 833 1372 922 vana
1409 837 1671 921 rursus
1701 835 2039 944 fiducia,
2091 840 2244 922 tria
2279 835 2539 922 millia
2591 837 2881 924 delecti
2924 845 3217 957 peditis
3255 878 3445 962 pro·
3534 807 3685 955 3,ιὲ

670 970 899 1054 ximo
929 968 1179 1053 Tauri
1214 961 1417 1076 jugo
1445 965 1831 1080 imposuit
1853 1026 1883 1067 ,
1935 970 2098 1076 quo
2139 966 2555 1050 tranfitum
2588 968 2797 1078 regis
2831 998 3220 1058 arcerent.
3251 973 3450 1061 Ala-
3556 1002 3664 1060 σι.

569 1114 618 1197 5
676 1126 798 1182 res
823 1121 1149 1209 quoque
1172 1093 1634 1177 Pannonios
1665 1152 1694 1198 ,
1733 1089 1977 1176 robur
2023 1094 2466 1205 equitatfiS,
2512 1095 2598 1175 in
2645 1117 2868 1208 parte
2906 1102 3170 1213 campi
3194 1097 3445 1190 locat.

682 1222 1073 1331 Conjunx
1103 1251 1197 1306 ac
1223 1216 1436 1304 filius
1463 1217 1792 1305 castello
1817 1279 1846 1323 ,
1875 1222 2009 1304 cui
2034 1220 2546 1305 Arsamosata
2576 1232 2598 1267 ¹
2621 1250 2923 1306 nomen
2955 1226 3103 1329 est,
3144 1224 3454 1335 abditi,

677 1348 860 1436 data
887 1353 974 1432 in
1020 1347 1460 1464 praesidium
1490 1350 1832 1431 cohorte
1853 1405 1883 1450 ,
1926 1378 2020 1432 ac
2058 1347 2410 1461 disperso
2442 1344 2701 1432 milite
2725 1405 2753 1451 ,
2803 1352 2941 1460 qui
2978 1353 3060 1433 in
3109 1382 3274 1437 uno
3306 1359 3448 1440 ha·-

680 1477 891 1563 bitus
921 1536 950 1580 ,
986 1504 1283 1587 vagum
1330 1475 1637 1558 hostem
1694 1476 2140 1587 promptius
2189 1474 2761 1559 sustentaviss‘et
2801 1510 2818 1557 ε
2865 1485 2947 1560 &
2985 1507 3189 1589 aegre
3216 1510 3447 1564 com-

682 1602 1000 1720 pulsum
1038 1603 1307 1686 ferunt
1334 1661 1362 1705 ,
1389 1625 1483 1684 ut
1510 1602 1934 1685 instantem
1960 1596 2416 1684 Corbuloni
2452 1600 2834 1685 fateretur
2865 1612 2946 1687 ²:
2997 1633 3151 1689 nec
3183 1637 3225 1690 a
3249 1605 3451 1693 Cor·-

534 1752 628 1805 10
682 1728 987 1815 bulone
1026 1750 1593 1845 properatum,
1633 1731 1795 1839 quo
1842 1787 1871 1830 ,
1918 1724 2440 1839 gliscentibus
2481 1728 2913 1841 periculis,
2965 1732 3207 1815 etiam
3261 1733 3451 1817 sub-

680 1859 849 1941 fidii
904 1852 1076 1941 laus
1120 1883 1567 1969 augeretur.
1616 1853 2000 1968 Expediri
2042 1881 2312 1938 tamen
2362 1855 2635 1937 itineri
2686 1852 2990 1967 singula
3048 1857 3304 1944 millia
3345 1890 3449 1947 ex

680 1982 931 2069 tribus
988 1980 1449 2095 legionibus
1478 2043 1505 2087 ,
1544 1991 1626 2066 δε
1683 1979 1970 2067 alarios
2022 1983 2529 2094 offingentos
2553 2041 2582 2090 ,
2621 2012 2895 2097 parem
2921 2013 3347 2070 numerum
3399 2018 3448 2073 e

688 2108 1156 2196 cohortibus
1200 2107 1433 2217 juffit.

807 2236 966 2320 XI.
1018 2238 1182 2319 'AT
1227 2236 1680 2351 Vologeses
1701 2299 1729 2343 ,
1758 2240 2121 2351 quamvis
2174 2273 2219 2316 «
2268 2237 2572 2325 obsessa
2598 2263 2641 2321 a
2670 2239 2883 2325 Paeto
2925 2242 3211 2324 itinera
3250 2241 3450 2325 hinc

537 2383 620 2464 15
681 2397 727 2441 22
746 2364 1144 2479 peditatu,
1172 2364 1360 2449 inde
1392 2368 1661 2477 equite
1688 2400 1733 2443 >2
1780 2365 2213 2482 accepiss‘et
2241 2425 2270 2471 ,
2324 2365 2528 2449 nihil
2553 2392 2865 2451 mutato
2902 2364 3237 2452 consilio
3253 2425 3281 2468 ,
3308 2366 3447 2450 sed

679 2492 761 2577 vi
789 2521 885 2575 ac
926 2493 1161 2576 minis
1192 2489 1439 2577 alares
1464 2494 1852 2576 exterruit
1873 2552 1903 2597 ,
1953 2490 2444 2606 legionarios
2491 2492 2826 2578 obtrivit
2850 2553 2877 2597 ,
2922 2524 3091 2577 uno
3134 2495 3451 2577 tantum

683 2621 1156 2703 centurione
1180 2619 1602 2730 Tarquitio
1624 2619 2064 2705 Crescente
2109 2623 2434 2724 turrim,
2490 2623 2575 2704 in
2607 2616 2759 2731 qua
2790 2622 3233 2734 praessdium
3279 2621 3451 2731 agi-

682 2741 898 2829 tabat
930 2806 960 2847 ,
1017 2745 1447 2830 defendere
1508 2747 1753 2844 auso;
1805 2743 2163 2857 facetaque
2210 2746 2486 2860 saepius
2515 2750 2943 2861 eruptione
2974 2807 3003 2850 ,
3053 2756 3135 2831 δε
3189 2745 3394 2831 caefis
3415 2768 3450 2851 ·,

682 2874 817 2984 qui
848 2869 1361 2957 barbarorum
1392 2875 1716 2988 propius
1757 2869 2470 2985 suggrediebantur
2491 2931 2521 2977 ,
2575 2872 2842 2957 donec
2878 2875 3192 2983 ignium
3240 2868 3451 2979 jafiu

520 3008 629 3078 '20
686 3001 1394 3087 circumveniretur
1433 3034 1452 3083 :
1490 3000 1856 3114 peditum
1894 3000 1948 3081 fi
1987 3000 2160 3111 quis
2201 3000 2514 3110 integer
2538 3056 2564 3103 ,
2613 2997 3060 3112 longinqua
3099 3006 3180 3084 δε
3213 3001 3390 3084 avia
3422 3027 3450 3095 3

681 3123 1119 3232 vulnerati,
1153 3131 1397 3213 castra
1418 3130 1863 3244 repetivere
1902 3161 1919 3209 ε
1971 3159 2017 3201 ‹<
2045 3128 2431 3210 virtutem
2455 3128 2666 3238 regis
2695 3184 2724 3230 ,
2763 3125 3143 3209 saevitiam
3173 3134 3254 3211 &
3302 3156 3450 3209 co·-

681 3256 912 3369 »pias
946 3257 1312 3367 gentium
1361 3289 1455 3358 2>,
1514 3257 1800 3339 cunita
1836 3278 2061 3338 metu
2099 3249 2587 3336 extollentes
2612 3309 2640 3355 ,
2687 3248 2912 3334 facili
2973 3248 3453 3337 credulitate

674 3403 1006 3485 ¹eorum,
1033 3383 1172 3493 qui
1205 3381 1488 3467 eadem
1535 3378 1962 3496 pavebant.
2026 3381 2163 3463 Ne
2199 3379 2365 3461 dux
2391 3378 2720 3490 quidem
2749 3375 3010 3462 obniti
3045 3378 3382 3461 adverfis
3418 3434 3454 3482 ,

682 3508 821 3593 sed
867 3509 1149 3595 cunCla
1178 3507 1482 3593 militia:
1506 3510 1783 3592 munia
1809 3505 2260 3591 deseruerat
2295 3565 2324 3609 ,
2365 3503 2603 3590 missis
2644 3507 2936 3588 iterum
2991 3504 3090 3590 ad
3143 3501 3457 3587 Corbu·-

524 3648 567 3704 2
580 3643 623 3728 5
683 3632 965 3721 lonem
989 3636 1353 3749 precibus
1374 3696 1400 3739 ,
1446 3669 1490 3712 «
1516 3637 1832 3720 veniret
1855 3635 2237 3748 propere,
2269 3633 2486 3744 signa
2515 3640 2597 3715 δε
2628 3630 2973 3743 aquilas,
3014 3640 3096 3715 δε
3147 3659 3453 3716 nomen

679 3759 1147 3874 »reliquum
1176 3761 1525 3848 infelicis
1551 3762 1952 3848 exercitus
1983 3786 2385 3846 tueretur:
2417 3757 2498 3841 se
2528 3758 2770 3844 fidem
2793 3761 3157 3863 interim,
3188 3756 3458 3842 donec

679 3892 915 3974 »vita
948 3890 1400 4004 suppeditet
1434 3948 1464 3994 ,
1521 3914 1979 3974 retenturos
2015 3924 2062 3968 >2
2084 3950 2106 3972 .

807 4015 1031 4099 XII.
1095 4017 1318 4100 ILLE
1364 4019 1771 4101 interritus
1802 4075 1831 4121 ,
1888 4023 1973 4100 ὃ(
2032 4042 2254 4132 parte
2304 4016 2723 4130 copiarum
2755 4013 2967 4129 apud
2988 4013 3304 4123 Syriam
3342 4028 3459 4094 re-'

684 4137 873 4223 litt&
897 4202 925 4245 ,
950 4170 1040 4225 ut
1063 4148 1563 4229 munimenta
1584 4143 1978 4258 Euphrati
2004 4143 2372 4257 impofita
2395 4146 2976 4242 retinerentur,
3004 4136 3159 4249 qua
3185 4139 3462 4251 proxi-

510 4292 560 4381 ‘3
580 4304 629 4363 0
686 4297 919 4352 mum
958 4276 1038 4352 ὃ(
1066 4270 1646 4357 commeatibus
1672 4301 1839 4355 non
1873 4300 2223 4385 egenum
2246 4329 2277 4377 ,
2323 4271 2747 4383 regionem
2769 4267 3408 4376 Commagenam
3423 4282 3460 4376 ,j

690 4640 707 4657 .
762 4574 805 4654 ¹.
828 4565 1312 4650 AMAMOSATA]
1371 4569 1529 4634 Urbs
1559 4569 1871 4659 Armenia}
1895 4586 2030 4632 ma·
2104 4567 2353 4649 peditus
2372 4615 2391 4645 ,
2415 4586 2575 4659 aegre
2608 4562 2961 4643 compulsus
3004 4555 3121 4652 est,
3147 4568 3218 4619 ut
3236 4551 3464 4645 Volo-2

682 4660 870 4718 lons,
900 4645 1196 4726 Euphrati
1231 4650 1520 4730 proxima
1550 4671 1568 4710 ε
1594 4645 2026 4726 hodsesmzstzt.
2103 4648 2288 4728 gesen
2311 4694 2332 4723 ,
2385 4646 2499 4709 fibi
2539 4645 2904 4716 instantem,
2946 4634 3311 4700 Corbuloni
3356 4630 3457 4696 fa-

682 4717 844 4783 vide
864 4723 1064 4789 Notas
1086 4727 1665 4793 &Emendationes
1698 4725 1775 4789 ad
1801 4727 2028 4789 Annal.
2103 4742 2338 4788 teretur
2388 4768 2409 4797 ‚
2461 4722 2894 4798 auxiliumque
2949 4730 3176 4779 oraret.
3226 4714 3366 4774 Nec
3403 4731 3461 4801 ‘a

678 4796 822 4864 xv,
854 4820 956 4863 10.
2107 4802 2481 4866 Corbulone
2509 4813 2949 4890 properatum,
2977 4811 3046 4857 ut
3070 4839 3087 4866 ,
3124 4792 3460 4856 crescenti-

761 4883 789 4914 ²
832 4878 1190 4945 Insanum
1215 4886 1599 4950 Connurom
1623 4884 2029 4958 urnam-un]
2104 4884 2218 4944 bus
2264 4878 2555 4958 periculis
2587 4925 2613 4960 ,
2671 4875 2862 4941 etiam
2894 4872 3145 4942 subsidii
3188 4873 3315 4937 laus
3353 4886 3473 4934 au*

674 4953 1095 5043 Paetus,van5
1110 4961 1343 5030 fiducia
1364 4966 1609 5047 pudore
1643 4981 1903 5046 quoque
1920 4959 2035 5026 im-
2106 4975 2380 5042 geretur.
