4975 6149
1502 415 1677 493 166
1982 401 2082 487 C.
2209 394 3060 488 CORNELII
3183 394 3796 488 TACITI'

1196 598 1441 647 a
1488 569 1849 658 Neronis
1899 566 2114 682 apud
2141 562 2601 651 Simbruina
2636 563 2946 675 stagna3
2979 563 3114 648 cui
3137 558 3672 676 Sublaqueum
3707 596 4013 659 nomen
4050 576 4217 659 est¹
4243 635 4280 683 ‚

1204 695 1269 747 Α·
1291 696 1352 744 U·
1373 694 1439 745 ‘³’
1493 703 1658 783 ietae
1711 699 1952 813 dapes
1993 703 2024 739 ²
2038 754 2068 800 ,
2097 694 2528 803 mensaque
2562 688 2885 798 disjecta
2914 718 3082 777 erat
3108 748 3138 794 ,
3169 689 3411 805 idque
3447 693 3743 782 finibus
3770 697 4207 787 Tiburtum
4240 714 4278 787 ³2

1249 786 1396 949 ξιξ
1491 824 1950 927 acciderat,
2005 821 2221 905 unde
2277 847 2607 935 paterna
2634 818 2923 905 Plauto
2965 820 3199 932 origo
3227 879 3257 922 ,
3304 806 3529 905 hunc
3576 820 3815 907 illum
3847 836 3886 886 4
3937 834 4270 914 numine

1268 931 1393 1049 oo..
1493 954 1736 1038 desim
1783 951 2148 1034 destinari
2196 944 2634 1033 credebant
2665 946 3260 1056 :fovebantque
3310 945 3605 1052 multi,
3664 950 3952 1062 quibus
3980 1011 4010 1057 ,
4054 984 4272 1040 nova

1487 1089 1574 1165 ὃς
1608 1078 1998 1192 'ancipitia
2043 1072 2472 1192 praecolere
2489 1132 2519 1176 ,
2573 1073 2804 1157 avida
2836 1083 2920 1157 &
2952 1072 3426 1188 plerumque
3459 1074 3712 1160 fallax
3740 1077 4076 1163 ambitio
4132 1082 4266 1165 est.
4383 1113 4440 1197 ς

1485 1206 1707 1319 Ergo
1736 1229 2149 1320 permotus
2180 1204 2274 1284 iis
2309 1205 2540 1285 Nero
2565 1258 2594 1301 ,
2636 1203 3064 1314 componit
3092 1199 3193 1283 ad
3231 1200 3607 1286 Plautum
3648 1200 3976 1308 literas,
4000 1239 4047 1282 α
4076 1237 4266 1292 con-

1482 1330 1845 1416 »suleret
1893 1331 2146 1442 quieti
2188 1325 2467 1430 Urbis,
2509 1325 2750 1441 seque
2782 1328 3025 1442 prave
3066 1326 3664 1413 diffamantibus
3715 1329 4260 1417 subtraheret:

1483 1457 1706 1543 »effe
1747 1454 1870 1537 illi
1919 1483 2061 1570 per
2091 1452 2359 1537 Anam
2406 1455 2669 1537 avitos
2728 1483 2960 1567 agros
2987 1514 3017 1559 ,
3046 1456 3134 1536 in
3182 1453 3468 1564 quibus
3512 1453 3685 1541 tuta
3741 1462 3825 1541 et
3860 1454 4264 1543 inturbida

1483 1578 1883 1692 »juventi
1914 1580 2310 1666 frueretur
2337 1615 2383 1657 »
2404 1642 2424 1663 .
2454 1579 2581 1663 Ita
2618 1577 2820 1665 illuc
2854 1612 3044 1666 cum
3083 1577 3437 1693 conjuge
3464 1582 3806 1667 Antistia
3840 1594 3868 1650 5
3885 1644 3915 1689 ,
3953 1593 4037 1670 ὅ(
4076 1615 4264 1699 pau-

1487 1714 1607 1795 cis
1646 1702 2204 1810 familiarium,
2255 1706 2665 1791 concessit.
2703 1707 3000 1792 Iisdem
3032 1706 3313 1792 diebus
3343 1711 3590 1795 nimia
3619 1708 3854 1795 luxus
3903 1709 4205 1826 cupido
4231 1771 4259 1818 ,

1483 1836 1901 1920 infamiam
1928 1840 2011 1917 ὃ(
2063 1830 2517 1948 periculum
2547 1837 2870 1918 Neroni
2914 1833 3104 1920 tulit
3126 1893 3154 1937 ,
3201 1837 3388 1946 quia
3425 1835 3738 1920 fontem
3766 1867 3983 1949 aquae
4030 1840 4262 1923 Mar-

1485 1965 1631 2047 ciae
1669 1957 1708 2007 ⁶
1751 1961 1852 2045 ad
1888 1956 2190 2044 Urbem
2219 1958 2569 2044 deduaae
2617 1961 2888 2046 nando
2933 1961 3994 2074 incefferatzvidebaturque
4021 1989 4263 2078 potus

1489 2088 1757 2172 sacros
1773 2147 1801 2190 ,
1832 2094 1911 2169 ὅτ
1942 2089 2480 2169 caerimoniam
2511 2085 2723 2188 loci,
2752 2117 3093 2202 corpore
3121 2113 3303 2170 toto
3328 2085 3701 2202 polluisse
3728 2100 3758 2148 ⁷
3788 2123 3806 2172 ε
3835 2092 4264 2202 secutaque

1490 2241 1788 2324 anceps
1825 2208 2209 2294 valetudo
2238 2270 2266 2313 ,
2306 2213 2508 2293 iram
2538 2211 2811 2295 Defim
2852 2213 3304 2294 affirmavit.

1618 2337 1904 2420 XXII
1923 2337 1989 2417 Ι.
2056 2335 2204 2417 AT
2256 2335 2329 2417 C
2348 2363 2402 2420 ο
2421 2361 2470 2418 R
2491 2362 2534 2417 Β
2557 2360 2673 2417 UL
2692 2363 2789 2438 o,
2829 2339 3003 2452 post
3056 2332 3321 2420 deleta
3347 2333 3732 2422 Artaxata
3765 2331 3839 2441 ⁸,
3871 2339 4265 2423 utendum

1488 2465 1801 2547 recenti
1839 2487 2145 2544 terrore
2170 2488 2384 2545 ratus
2414 2521 2442 2566 ,
2487 2461 2590 2546 ad
2620 2458 3098 2578 occupanda
3120 2463 3758 2576 Tigranocerta9
3776 2464 4104 2575 3quibus
4134 2495 4267 2551 ex-

1490 2589 1666 2673 cifis
1684 2648 1712 2692 ,
1730 2614 2034 2672 metum
2059 2588 2408 2671 hostium
2438 2588 2892 2674 intenderet
2913 2650 2943 2695 ,
2973 2588 3149 2694 vel,
3182 2591 3237 2671 fi
3261 2586 3735 2705 peperciss‘et
3757 2649 3785 2692 ‚
3813 2588 4261 2675 clementia:

1490 2714 1789 2802 famam
1848 2713 2422 2829 adipisceretur
2476 2748 2495 2798 :
2540 2712 2741 2802 illuc
2792 2720 3057 2831 pergit
3107 2746 3278 2801 non
3327 2715 3644 2801 infenso
3691 2719 4109 2826 exercitu,
4158 2748 4263 2804 ne

4333 1741 4438 1799 10

1570 2959 1591 2988 ¹
1639 2949 2215 3020 Cursunuoueun
2252 2960 2474 3010 nomeu
2505 2953 2665 3028 nst]
2704 2952 2827 3013 Su-
2886 2944 3129 3028 frigoris
3139 2943 3583 3039 salubritatifilue
3606 2946 3796 3023 palma
3831 2946 4108 3023 proeconio
4141 2946 4255 3010 Ur-

1487 3026 1864 3107 blaqueum,
1895 3046 2063 3090 nunc
2087 3024 2144 3085 Ia
2166 3022 2352 3085 Badia
2374 3023 2433 3087 di
2455 3025 2828 3109 Subjaco,in
2905 3024 3027 3102 bis,
3057 3023 3290 3086 Marcia
3340 3046 3369 3086 e
3427 3074 3448 3103 ,
3482 3043 3630 3087 mter
3666 3024 3872 3107 reliqua
3918 3026 4077 3089 deum
4121 3047 4255 3088 mu-

1490 3126 1643 3186 agro
1660 3108 2250 3180 Roman0,nomen
2265 3105 2826 3189 accepitastagnis,
2905 3124 3037 3165 nere
3074 3103 3210 3167 Urbi
3276 3103 3348 3164 tr‘
3386 3123 3506 3168 uta.
3550 3104 3875 3169 Vocabatur·
3916 3106 4038 3169 luet
4081 3126 4258 3186 quon·-¹

1491 3185 1598 3250 seu
1635 3185 1889 3246 lacubus
1912 3229 1931 3258 ,
1966 3182 2193 3264 quibus
2230 3177 2527 3261 subjacet.
2577 3188 2676 3249 De
2704 3186 2830 3249 hoc
2906 3181 3036 3243 dam
3095 3180 3305 3260 Aufeia
3338 3230 3359 3260 ,
3405 3181 3544 3258 fons
3596 3203 3777 3245 autem
3822 3186 3876 3261 ip
3903 3207 3934 3244 e
3983 3185 4258 3264 Pitonia,

1491 3262 1732 3342 oppido
1757 3261 1991 3324 Plinius
2027 3263 2114 3322 III
2134 3308 2154 3336 ,
2189 3282 2286 3323 12.
2308 3263 2456 3323 Anio
2479 3310 2500 3339 ,
2527 3283 2695 3327 nunc
2715 3263 2829 3325 Te·
2908 3262 3083 3322 oritur
3142 3261 3201 3322 in
3264 3261 3472 3322 ultimis
3528 3262 3802 3323 montibus
3900 3261 4206 3345 elignorum
4224 3311 4250 3342 ,

1486 3359 1725 3415 verone,
1758 3340 1817 3400 in
1846 3357 2027 3400 monte
2043 3337 2421 3401 Trebanorum
2450 3360 2605 3402 ortus
2624 3388 2644 3420 ,
2674 3343 2832 3403 lacus
2908 3360 3077 3403 nunc
3103 3340 3289 3414 partie
3323 3338 3390 3400 de
3418 3339 3578 3400 I’Abr
3682 3362 3712 3401 e
3735 3340 4019 3402 citerieure
4043 3362 4071 3414 ;
4099 3360 4260 3402 tran-

1482 3436 1606 3481 tres
1638 3418 1959 3479 amoenitate
1994 3417 2244 3494 nobiler,
2281 3419 2372 3509 qui
2413 3439 2610 3480 nomen
2638 3419 2832 3483 dedere
2886 3417 2972 3499 stt
2992 3417 3217 3497 Marsos
3253 3416 3315 3478 Cr
3338 3417 3609 3478 Fucinum
3668 3438 3861 3496 acum,
3896 3439 4064 3483 nunc
4090 3418 4142 3480 le
4165 3419 4260 3480 lae

1486 3495 1799 3577 Sublaqueo
1815 3544 1835 3572 ,
1858 3495 2027 3572 defert
2041 3496 2103 3556 in
2119 3494 2379 3560 Tibenm.
2400 3497 2500 3561 lbi
2516 3499 2671 3563 villa
2700 3516 2832 3565 erat

1487 3575 1787 3641 Neronis.
1826 3575 1977 3639 Tria
2001 3574 2158 3638 olim
2189 3589 2363 3640 erant
2387 3577 2632 3659 stagna:
2660 3600 2830 3644 nunc

1488 3653 1674 3717 unius
1723 3657 1967 3717 tantum
2009 3671 2267 3717 manent
2312 3656 2609 3735 vestigia,
2655 3659 2830 3736 juxta

1484 3732 1642 3796 Divi
1681 3731 1913 3795 Placidi
1960 3731 2270 3796 sacellum.
2314 3735 2411 3796 De
2457 3735 2830 3801 Simbruinis

1486 3811 1760 3876 collibus
1790 3810 2020 3871 dietum
2045 3813 2274 3874 Annal.
2312 3816 2430 3889 XI,
2465 3835 2560 3891 13.

1564 3899 1593 3929 ²
1635 3892 1799 3952 {cra
1850 3909 2043 3950 naras
2081 3899 2106 3963 J
2155 3893 2397 3953 Cenam
2443 3905 2650 3956 totam
2706 3893 2829 3957 ful-

1486 3966 1662 4031 mine
1689 3966 2051 4056 ·deflagraffe
2100 3968 2331 4049 scripsit
2391 3990 2561 4035 anno
2619 3972 2829 4051 priore

1488 4045 1652 4107 haud
1686 4061 1771 4107 ita
1816 4045 1928 4106 dili
1974 4066 2082 4108 ens
2126 4047 2255 4111 Dio
2312 4051 2477 4109 LXI.
2503 4070 2638 4131 pag.
2680 4059 2827 4132 697.

1570 4133 1591 4178 3
1640 4121 1895 4186 F1mnus
1990 4127 2335 4202 munz-uu]
2384 4128 2566 4189 Haud
2607 4131 2829 4209 procul

1485 4201 1769 4276 Tibure,
1828 4222 1996 4264 nunc
2051 4201 2230 4263 Tivoli
2255 4250 2275 4279 ,
2338 4203 2443 4266 sed
2501 4205 2696 4286 magis
2748 4209 2828 4270 ad

1488 4280 1840 4359 orientem,
1874 4281 2315 4362 Sublaqueum.

1562 4369 1595 4411 4
1633 4362 1853 4425 Hunc
1902 4365 2212 4440 utun]
2265 4361 2459 4425 Forte
2497 4408 2517 4436 ,
2577 4359 2708 4424 hine
2758 4362 2829 4425 il-

1488 4440 1620 4501 lum.
1661 4440 1824 4506 Vide
1862 4441 2064 4504 Notas
2108 4441 2178 4507 δε
2214 4440 2703 4506 Emendationes
2748 4443 2828 4508 ad

1489 4519 1721 4592 Annal.
1760 4521 1906 4583 XIV
1930 4566 1950 4594 ‚
1994 4541 2093 4582 22.

1573 4607 1592 4652 5
1641 4602 2002 4677 Aurrsru]
2057 4600 2153 4662 De
2209 4598 2471 4662 Antistia
2509 4597 2827 4682 Pollutis‘i,

1490 4674 1769 4736 Rubellii
1812 4698 2050 4754 uxore,
2092 4677 2243 4741 vide
2289 4683 2564 4743 Stemma
2624 4680 2829 4754 Caesa-

1398 4776 1405 4788 ·
1491 4769 1662 4822 rum,
1714 4772 1883 4814 num.
1918 4776 2022 4834 77.

1568 4830 1599 4870 ⁶
1642 4832 1834 4901 Aoum
1870 4834 2193 4911 Manem]
2216 4835 2449 4899 Plinius
2482 4837 2725 4911 XXXI,
2772 4856 2826 4913 3·

1492 4901 1797 4989 Clarzffima
1833 4926 2097 4989 aquarum
2131 4914 2369 4978 omnium
2406 4915 2469 4979 in
2519 4932 2630 4980 toto
2658 4913 2784 4978 orbe
2803 4961 2826 4995 ,
2910 4933 3012 4997 50.

2907 3497 2975 3557 de
3009 3495 3220 3558 celano
3236 3543 3258 3573 ,
3303 3495 3534 3558 Romam
3561 3518 3671 3558 non
3696 3496 3853 3558 dubie
3868 3517 4085 3573 petens.
4114 3497 4261 3560 Mox

2909 3578 2968 3637 in
2991 3577 3193 3656 specus
3230 3576 3402 3655 merja
3431 3623 3453 3653 ,
3504 3577 3565 3637 in
3621 3576 3920 3639 Tiburtina
3949 3579 4016 3658 je
4077 3578 4259 3654 aperit

2907 3675 3099 3715 novem
3123 3653 3366 3747 millibus
3394 3653 3856 3748 paffijbrnicibus
3866 3655 4094 3736 struens
4109 3676 4251 3733 per-

2902 3732 4071 3892 1533‘522135332{ffffiri'izi‘zffzi‘z‘
4089 3736 4255 3894 rssgss

2911 3892 3031 3956 bus,
3060 3891 3140 3952 Po
3185 3912 3252 3952 ea
3296 3892 3377 3973 Q.
3405 3891 3666 3951 Marcius
3724 3890 3849 3950 Rex
3886 3890 3948 3950 in
3999 3892 4252 3968 praeturd

2907 3992 3078 4037 anno
3186 3971 3301 4031 .C.
3346 3992 3501 4032 ncx.
3537 3966 3712 4048 Rurjfic
3737 3987 3835 4044 que
3879 3966 4112 4046 restituit
4160 3968 4254 4031 Μ

2907 4049 3181 4128 Agrippa.
3206 4046 3383 4108 Plura
3417 4045 3567 4108 vide
3589 4047 3658 4108 in
3766 4044 3889 4109 otis
3931 4047 4002 4112 ὃ(
4024 4050 4248 4112 Emen-

2907 4124 3266 4190 dationibus
3302 4125 3383 4186 ad
3423 4125 3649 4188 Annal.
3678 4129 3862 4200 XIV,
3906 4146 4009 4186 22.

2906 4206 3150 4358 coa-2053?
3158 4224 3278 4340 lolii),
3286 4204 4250 4375 ffllzffionffiffgsgqgigoffi

2903 4363 3281 4501 ”embfffissss‘
3313 4362 4249 4517 {25232225‘213'255332133

2905 4461 3412 4598 ξῖἒέἱριίιίὶώειω
3447 4519 3640 4582 Plinii
3683 4461 3880 4591 vm?
3910 4522 3970 4578 8.

2986 4601 3014 4641 ⁸
3055 4599 3319 4660 Danu
3355 4603 3718 4662 Ani-Azara
3758 4600 3788 4672 ]
3850 4593 4073 4656 Deleta
4122 4590 4248 4652 Ar-

2905 4693 3111 4741 taxata
3133 4676 3407 4740 vidimus
3435 4676 3611 4754 supra
3637 4673 3860 4736 Annal.
3892 4670 4077 4743 XIII,
4140 4688 4247 4747 4¹·

2905 4759 3000 4820 De
3018 4756 3146 4837 ipsi
3167 4757 3324 4819 urbe
3347 4754 3616 4817 diximus
3647 4749 3875 4812 Annal.
3901 4749 3961 4808 11
3979 4793 3997 4821 ,
4069 4753 4132 4809 6.

2984 4847 3014 4888 ⁹
3057 4832 3628 4908 Tranauocenra]
3659 4829 3822 4896 Vide
3853 4830 3955 4889 An
4066 4872 4084 4891 .
4106 4826 4250 4906 XII,
