<?xml version="1.0" encoding="UTF-8"?>
<!DOCTYPE html PUBLIC "-//W3C//DTD XHTML 1.0 Transitional//EN"
    "http://www.w3.org/TR/xhtml1/DTD/xhtml1-transitional.dtd">
<html xmlns="http://www.w3.org/1999/xhtml" xml:lang="en" lang="en">
 <head>
  <title>
</title>
<meta http-equiv="Content-Type" content="text/html;charset=utf-8" />
  <meta name='ocr-system' content='tesseract 3.04.00' />
  <meta name='ocr-capabilities' content='ocr_page ocr_carea ocr_par ocr_line ocrx_word'/>
</head>
<body>
  <div class='ocr_page' id='page_1' title='image "./ccorneliitaciti04brotgoog_0528.png"; bbox 0 0 4975 6149; ppageno 0'>
   <div class='ocr_carea' id='block_1_1' title="bbox 1462 389 3808 518">
    <p class='ocr_par' dir='ltr' id='par_1_1' title="bbox 1462 389 3808 518">
     <span class='ocr_line' id='line_1_1' title="bbox 1462 389 3808 518; baseline -0.006 -25"><span class='ocrx_word' id='word_1_1' title='bbox 1462 415 1642 518; x_wconf 77' lang='lat'>518</span> <span class='ocrx_word' id='word_1_2' title='bbox 1824 399 2270 488; x_wconf 81' lang='lat' dir='ltr'>NoTAE</span> <span class='ocrx_word' id='word_1_3' title='bbox 2357 394 2531 481; x_wconf 86' lang='lat' dir='ltr'>ET</span> <span class='ocrx_word' id='word_1_4' title='bbox 2610 389 3808 481; x_wconf 82' lang='lat' dir='ltr'><strong>EMENDATIONES</strong></span> 
     </span>
    </p>
   </div>
   <div class='ocr_carea' id='block_1_2' title="bbox 1445 549 4250 948">
    <p class='ocr_par' dir='ltr' id='par_1_2' title="bbox 1445 549 4250 948">
     <span class='ocr_line' id='line_1_2' title="bbox 1448 549 4250 656; baseline -0.01 -12"><span class='ocrx_word' id='word_1_5' title='bbox 1448 583 1803 648; x_wconf 87' lang='lat' dir='ltr'>mentum,</span> <span class='ocrx_word' id='word_1_6' title='bbox 1833 577 1914 630; x_wconf 92' lang='lat' dir='ltr'>ut</span> <span class='ocrx_word' id='word_1_7' title='bbox 1931 553 2380 656; x_wconf 89' lang='lat' dir='ltr'>populorum</span> <span class='ocrx_word' id='word_1_8' title='bbox 2400 551 2831 655; x_wconf 86' lang='lat' dir='ltr'>urbiumque</span> <span class='ocrx_word' id='word_1_9' title='bbox 2871 549 3281 653; x_wconf 85' lang='lat' dir='ltr'>amplitudo</span> <span class='ocrx_word' id='word_1_10' title='bbox 3306 576 3393 625; x_wconf 88' lang='lat' dir='ltr'>ac</span> <span class='ocrx_word' id='word_1_11' title='bbox 3410 549 3823 653; x_wconf 85' lang='lat' dir='ltr'>frequentia</span> <span class='ocrx_word' id='word_1_12' title='bbox 3841 551 4250 654; x_wconf 76' lang='lat' dir='ltr'>cognosca-</span> 
     </span>
     <span class='ocr_line' id='line_1_3' title="bbox 1445 651 4245 756; baseline -0.005 -12"><span class='ocrx_word' id='word_1_13' title='bbox 1445 691 1587 744; x_wconf 89' lang='lat' dir='ltr'>tur.</span> <span class='ocrx_word' id='word_1_14' title='bbox 1625 662 1789 737; x_wconf 91' lang='lat' dir='ltr'>Nec</span> <span class='ocrx_word' id='word_1_15' title='bbox 1836 655 2020 730; x_wconf 88' lang='lat' dir='ltr'>istud</span> <span class='ocrx_word' id='word_1_16' title='bbox 2057 677 2559 756; x_wconf 85' lang='lat' dir='ltr'>argumentum</span> <span class='ocrx_word' id='word_1_17' title='bbox 2602 654 2692 729; x_wconf 94' lang='lat' dir='ltr'>ab</span> <span class='ocrx_word' id='word_1_18' title='bbox 2730 652 3046 729; x_wconf 85' lang='lat' dir='ltr'>historiae</span> <span class='ocrx_word' id='word_1_19' title='bbox 3082 651 3435 727; x_wconf 85' lang='lat' dir='ltr'>Romanae</span> <span class='ocrx_word' id='word_1_20' title='bbox 3473 651 4011 727; x_wconf 86' lang='lat' dir='ltr'>enarratoribus</span> <span class='ocrx_word' id='word_1_21' title='bbox 4061 655 4245 731; x_wconf 89' lang='lat' dir='ltr'>hac-</span> 
     </span>
     <span class='ocr_line' id='line_1_4' title="bbox 1446 751 4240 860; baseline -0.01 -15"><span class='ocrx_word' id='word_1_22' title='bbox 1446 789 1658 845; x_wconf 87' lang='lat' dir='ltr'>tenus</span> <span class='ocrx_word' id='word_1_23' title='bbox 1681 760 1820 834; x_wconf 90' lang='lat' dir='ltr'>fuit</span> <span class='ocrx_word' id='word_1_24' title='bbox 1857 760 2391 860; x_wconf 58' lang='lat' dir='ltr'>pertraekatum.</span> <span class='ocrx_word' id='word_1_25' title='bbox 2432 755 2522 830; x_wconf 94' lang='lat' dir='ltr'>ln</span> <span class='ocrx_word' id='word_1_26' title='bbox 2567 781 2663 831; x_wconf 93' lang='lat' dir='ltr'>eo</span> <span class='ocrx_word' id='word_1_27' title='bbox 2707 754 2931 857; x_wconf 91' lang='lat' dir='ltr'>igitur</span> <span class='ocrx_word' id='word_1_28' title='bbox 2972 751 3402 830; x_wconf 88' lang='lat' dir='ltr'>evolvendo</span> <span class='ocrx_word' id='word_1_29' title='bbox 3452 755 3662 828; x_wconf 78' lang='lat' dir='ltr'>tanto</span> <span class='ocrx_word' id='word_1_30' title='bbox 3705 751 4052 829; x_wconf 75' lang='lat' dir='ltr'>libentius</span> <span class='ocrx_word' id='word_1_31' title='bbox 4103 755 4240 832; x_wconf 83' lang='lat' dir='ltr'>im.</span> 
     </span>
     <span class='ocr_line' id='line_1_5' title="bbox 1447 862 4081 948; baseline -0.013 -4"><span class='ocrx_word' id='word_1_32' title='bbox 1447 862 1816 948; x_wconf 87' lang='lat' dir='ltr'>morabor.</span> <span class='ocrx_word' id='word_1_33' title='bbox 4077 880 4081 883; x_wconf 57' lang='lat'><strong>&gt;</strong></span> 
     </span>
    </p>
   </div>
   <div class='ocr_carea' id='block_1_3' title="bbox 1449 1031 4249 1492">
    <p class='ocr_par' dir='ltr' id='par_1_3' title="bbox 1449 1031 4249 1492">
     <span class='ocr_line' id='line_1_6' title="bbox 1449 1031 4249 1304; baseline 0.001 -154"><span class='ocrx_word' id='word_1_34' title='bbox 1449 1045 1649 1159; x_wconf 82' lang='lat' dir='ltr'>De</span> <span class='ocrx_word' id='word_1_35' title='bbox 1658 1033 2307 1304; x_wconf 41' lang='lat' dir='ltr'>‘pestilentia‘</span> <span class='ocrx_word' id='word_1_36' title='bbox 2323 1121 2356 1172; x_wconf 89' lang='lat'>‚</span> <span class='ocrx_word' id='word_1_37' title='bbox 2431 1076 2660 1190; x_wconf 81' lang='lat' dir='ltr'>quae</span> <span class='ocrx_word' id='word_1_38' title='bbox 2731 1033 3118 1148; x_wconf 82' lang='lat' dir='ltr'>Romce</span> <span class='ocrx_word' id='word_1_39' title='bbox 3197 1031 3666 1297; x_wconf 45' lang='lat' dir='ltr'>grasszta</span> <span class='ocrx_word' id='word_1_40' title='bbox 3750 1033 3891 1184; x_wconf 83' lang='lat' dir='ltr'>est</span> <span class='ocrx_word' id='word_1_41' title='bbox 3957 1075 4249 1153; x_wconf 83' lang='lat' dir='ltr'>anno</span> 
     </span>
     <span class='ocr_line' id='line_1_7' title="bbox 1765 1177 4201 1336; baseline -0.004 -34"><span class='ocrx_word' id='word_1_42' title='bbox 1765 1280 1789 1303; x_wconf 94' lang='lat'>.</span> <span class='ocrx_word' id='word_1_43' title='bbox 1843 1189 1963 1298; x_wconf 89' lang='lat' dir='ltr'>C.</span> <span class='ocrx_word' id='word_1_44' title='bbox 2015 1221 2729 1315; x_wconf 72' lang='grc' dir='ltr'><em>υσεεΧνηΙ,</em></span> <span class='ocrx_word' id='word_1_45' title='bbox 2787 1177 2894 1292; x_wconf 86' lang='lat' dir='ltr'>J.</span> <span class='ocrx_word' id='word_1_46' title='bbox 2953 1182 3075 1293; x_wconf 89' lang='lat' dir='ltr'>C.</span> <span class='ocrx_word' id='word_1_47' title='bbox 3134 1192 3318 1294; x_wconf 70' lang='lat'>65.</span> <span class='ocrx_word' id='word_1_48' title='bbox 3574 1179 4095 1336; x_wconf 67' lang='lat' dir='ltr'>depeste,⁴</span> <span class='ocrx_word' id='word_1_49' title='bbox 4194 1219 4201 1222; x_wconf 70' lang='grc'>’</span> 
     </span>
     <span class='ocr_line' id='line_1_8' title="bbox 1814 1325 3903 1492; baseline -0.003 -44"><span class='ocrx_word' id='word_1_50' title='bbox 1814 1332 2480 1492; x_wconf 63' lang='grc' dir='ltr'>ραιείὸὶάειη</span> <span class='ocrx_word' id='word_1_51' title='bbox 2516 1412 2547 1466; x_wconf 86' lang='grc'><em>,</em></span> <span class='ocrx_word' id='word_1_52' title='bbox 2615 1325 2859 1441; x_wconf 79' lang='lat' dir='ltr'>Tiro</span> <span class='ocrx_word' id='word_1_53' title='bbox 2899 1327 3381 1480; x_wconf 63' lang='lat' dir='ltr'>Princhpe</span> <span class='ocrx_word' id='word_1_54' title='bbox 3420 1414 3451 1468; x_wconf 90' lang='lat'>‚</span> <span class='ocrx_word' id='word_1_55' title='bbox 3469 1331 3903 1485; x_wconf 58' lang='lat' dir='ltr'>steria.</span> 
     </span>
    </p>
   </div>
   <div class='ocr_carea' id='block_1_4' title="bbox 1391 1571 4271 4995">
    <p class='ocr_par' dir='ltr' id='par_1_4' title="bbox 1457 1571 4271 2175">
     <span class='ocr_line' id='line_1_9' title="bbox 1558 1571 4271 1673; baseline -0.004 -13"><span class='ocrx_word' id='word_1_56' title='bbox 1558 1586 1834 1660; x_wconf 65' lang='lat' dir='ltr'>Annus</span> <span class='ocrx_word' id='word_1_57' title='bbox 1882 1579 2104 1657; x_wconf 86' lang='lat' dir='ltr'>Urbis</span> <span class='ocrx_word' id='word_1_58' title='bbox 2149 1577 2470 1656; x_wconf 83' lang='lat' dir='ltr'>conditae</span> <span class='ocrx_word' id='word_1_59' title='bbox 2511 1597 2916 1653; x_wconf 82' lang='lat' dir='ltr'>Deccxvm</span> <span class='ocrx_word' id='word_1_60' title='bbox 2951 1574 3495 1673; x_wconf 87' lang='lat' dir='ltr'>tempestatibus</span> <span class='ocrx_word' id='word_1_61' title='bbox 3534 1580 3604 1649; x_wconf 74' lang='grc' dir='ltr'>δε</span> <span class='ocrx_word' id='word_1_62' title='bbox 3641 1571 3915 1650; x_wconf 82' lang='lat' dir='ltr'>morbis</span> <span class='ocrx_word' id='word_1_63' title='bbox 3955 1574 4095 1652; x_wconf 85' lang='lat' dir='ltr'>fuit</span> <span class='ocrx_word' id='word_1_64' title='bbox 4128 1579 4271 1658; x_wconf 84' lang='lat' dir='ltr'>in·-</span> 
     </span>
     <span class='ocr_line' id='line_1_10' title="bbox 1457 1673 4247 1788; baseline -0.001 -29"><span class='ocrx_word' id='word_1_65' title='bbox 1457 1685 1694 1788; x_wconf 86' lang='lat' dir='ltr'>fignis.</span> <span class='ocrx_word' id='word_1_66' title='bbox 1729 1682 1972 1757; x_wconf 90' lang='lat' dir='ltr'>Tanta</span> <span class='ocrx_word' id='word_1_67' title='bbox 1998 1681 2136 1755; x_wconf 87' lang='lat' dir='ltr'>fuit</span> <span class='ocrx_word' id='word_1_68' title='bbox 2166 1681 2245 1755; x_wconf 90' lang='lat' dir='ltr'>in</span> <span class='ocrx_word' id='word_1_69' title='bbox 2281 1679 2486 1754; x_wconf 85' lang='lat' dir='ltr'>Urbe</span> <span class='ocrx_word' id='word_1_70' title='bbox 2518 1678 2626 1752; x_wconf 88' lang='lat' dir='ltr'>vis</span> <span class='ocrx_word' id='word_1_71' title='bbox 2710 1673 3081 1751; x_wconf 81' lang='lat' dir='ltr'>estilentiae</span> <span class='ocrx_word' id='word_1_72' title='bbox 3101 1731 3121 1765; x_wconf 93' lang='lat'>,</span> <span class='ocrx_word' id='word_1_73' title='bbox 3152 1699 3235 1750; x_wconf 88' lang='lat' dir='ltr'>ut</span> <span class='ocrx_word' id='word_1_74' title='bbox 3271 1677 3351 1750; x_wconf 90' lang='lat' dir='ltr'>in</span> <span class='ocrx_word' id='word_1_75' title='bbox 3380 1702 3534 1750; x_wconf 91' lang='lat' dir='ltr'>uno</span> <span class='ocrx_word' id='word_1_76' title='bbox 3561 1696 3911 1749; x_wconf 92' lang='lat' dir='ltr'>autumno</span> <span class='ocrx_word' id='word_1_77' title='bbox 3940 1677 4031 1748; x_wconf 92' lang='lat' dir='ltr'>tri</span> <span class='ocrx_word' id='word_1_78' title='bbox 4091 1680 4247 1756; x_wconf 77' lang='lat' dir='ltr'>inta.</span> 
     </span>
     <span class='ocr_line' id='line_1_11' title="bbox 1460 1774 4239 1881; baseline -0.003 -22"><span class='ocrx_word' id='word_1_79' title='bbox 1460 1784 1844 1862; x_wconf 88' lang='lat' dir='ltr'>hominum</span> <span class='ocrx_word' id='word_1_80' title='bbox 1886 1781 2115 1858; x_wconf 88' lang='lat' dir='ltr'>millia</span> <span class='ocrx_word' id='word_1_81' title='bbox 2162 1777 2513 1881; x_wconf 87' lang='lat' dir='ltr'>perierint</span> <span class='ocrx_word' id='word_1_82' title='bbox 2541 1832 2559 1865; x_wconf 92' lang='lat'>‚</span> <span class='ocrx_word' id='word_1_83' title='bbox 2697 1775 2839 1852; x_wconf 82' lang='lat' dir='ltr'>este</span> <span class='ocrx_word' id='word_1_84' title='bbox 2890 1774 3089 1850; x_wconf 88' lang='lat' dir='ltr'>enim</span> <span class='ocrx_word' id='word_1_85' title='bbox 3135 1776 3497 1852; x_wconf 89' lang='lat' dir='ltr'>Suetonio</span> <span class='ocrx_word' id='word_1_86' title='bbox 3535 1777 3613 1850; x_wconf 91' lang='lat' dir='ltr'>in</span> <span class='ocrx_word' id='word_1_87' title='bbox 3663 1774 3840 1850; x_wconf 87' lang='lat' dir='ltr'>Ner.</span> <span class='ocrx_word' id='word_1_88' title='bbox 3880 1775 4012 1849; x_wconf 91' lang='lat' dir='ltr'>XX</span> <span class='ocrx_word' id='word_1_89' title='bbox 4088 1779 4239 1869; x_wconf 83' lang='lat' dir='ltr'>lx,</span> 
     </span>
     <span class='ocr_line' id='line_1_12' title="bbox 1462 1875 4241 1987; baseline -0.003 -28"><span class='ocrx_word' id='word_1_90' title='bbox 1462 1889 1838 1987; x_wconf 80' lang='lat' dir='ltr'>accefferunt</span> <span class='ocrx_word' id='word_1_91' title='bbox 1879 1889 2079 1959; x_wconf 83' lang='lat' dir='ltr'>tantis</span> <span class='ocrx_word' id='word_1_92' title='bbox 2114 1910 2196 1955; x_wconf 80' lang='lat' dir='ltr'>ex</span> <span class='ocrx_word' id='word_1_93' title='bbox 2239 1883 2535 1974; x_wconf 81' lang='lat' dir='ltr'>Principe</span> <span class='ocrx_word' id='word_1_94' title='bbox 2574 1875 2878 1956; x_wconf 83' lang='lat' dir='ltr'>Nerone</span> <span class='ocrx_word' id='word_1_95' title='bbox 2924 1878 3159 1966; x_wconf 85' lang='lat' dir='ltr'>malis,</span> <span class='ocrx_word' id='word_1_96' title='bbox 3202 1880 3568 1978; x_wconf 71' lang='lat' dir='ltr'>probusque</span> <span class='ocrx_word' id='word_1_97' title='bbox 3592 1932 3615 1966; x_wconf 90' lang='lat'>‚</span> <span class='ocrx_word' id='word_1_98' title='bbox 3650 1876 3940 1977; x_wconf 81' lang='lat' dir='ltr'>quaedam</span> <span class='ocrx_word' id='word_1_99' title='bbox 3992 1880 4241 1975; x_wconf 78' lang='lat' dir='ltr'>&amp;for-</span> 
     </span>
     <span class='ocr_line' id='line_1_13' title="bbox 1461 1978 4241 2083; baseline -0.003 -23"><span class='ocrx_word' id='word_1_100' title='bbox 1461 1993 1685 2061; x_wconf 83' lang='lat' dir='ltr'>tuita:</span> <span class='ocrx_word' id='word_1_101' title='bbox 1722 1982 2089 2083; x_wconf 82' lang='lat' dir='ltr'>pestilentia</span> <span class='ocrx_word' id='word_1_102' title='bbox 2119 1987 2302 2054; x_wconf 84' lang='lat' dir='ltr'>unius</span> <span class='ocrx_word' id='word_1_103' title='bbox 2346 1985 2685 2066; x_wconf 85' lang='lat' dir='ltr'>autumni,</span> <span class='ocrx_word' id='word_1_104' title='bbox 2714 1979 2841 2078; x_wconf 62' lang='lat' dir='ltr'>quei</span> <span class='ocrx_word' id='word_1_105' title='bbox 2874 1982 3152 2074; x_wconf 81' lang='lat' dir='ltr'>triginta</span> <span class='ocrx_word' id='word_1_106' title='bbox 3186 1978 3500 2076; x_wconf 82' lang='lat' dir='ltr'>funerum</span> <span class='ocrx_word' id='word_1_107' title='bbox 3548 1982 3765 2052; x_wconf 77' lang='lat' dir='ltr'>millia</span> <span class='ocrx_word' id='word_1_108' title='bbox 3804 1983 3877 2050; x_wconf 83' lang='lat' dir='ltr'>in</span> <span class='ocrx_word' id='word_1_109' title='bbox 3929 1984 4241 2054; x_wconf 69' lang='lat' dir='ltr'>melonem</span> 
     </span>
     <span class='ocr_line' id='line_1_14' title="bbox 1461 2076 3526 2175; baseline -0.004 -16"><span class='ocrx_word' id='word_1_110' title='bbox 1461 2088 1766 2159; x_wconf 71' lang='lat' dir='ltr'>Libitinae</span> <span class='ocrx_word' id='word_1_111' title='bbox 1794 2107 2127 2158; x_wconf 80' lang='lat' dir='ltr'>venerunt.</span> <span class='ocrx_word' id='word_1_112' title='bbox 2173 2080 2449 2156; x_wconf 89' lang='lat' dir='ltr'>Eadem</span> <span class='ocrx_word' id='word_1_113' title='bbox 2489 2077 2715 2155; x_wconf 85' lang='lat' dir='ltr'>exseri</span> <span class='ocrx_word' id='word_1_114' title='bbox 2774 2076 2855 2152; x_wconf 87' lang='lat' dir='ltr'>sit</span> <span class='ocrx_word' id='word_1_115' title='bbox 2906 2076 3206 2154; x_wconf 87' lang='lat' dir='ltr'>Orosius</span> <span class='ocrx_word' id='word_1_116' title='bbox 3233 2078 3414 2167; x_wconf 72' lang='lat' dir='ltr'>Vll,</span> <span class='ocrx_word' id='word_1_117' title='bbox 3452 2104 3526 2175; x_wconf 88' lang='lat'>7.</span> 
     </span>
    </p>

    <p class='ocr_par' dir='ltr' id='par_1_5' title="bbox 1391 2106 4253 2987">
     <span class='ocr_line' id='line_1_15' title="bbox 1556 2106 4241 2284; baseline -0.002 -28"><span class='ocrx_word' id='word_1_118' title='bbox 1556 2184 1830 2284; x_wconf 84' lang='lat' dir='ltr'>Lipsius</span> <span class='ocrx_word' id='word_1_119' title='bbox 1868 2206 2109 2258; x_wconf 88' lang='lat' dir='ltr'>tamen</span> <span class='ocrx_word' id='word_1_120' title='bbox 2137 2239 2156 2271; x_wconf 90' lang='lat'><em>,</em></span> <span class='ocrx_word' id='word_1_121' title='bbox 2190 2181 2414 2256; x_wconf 82' lang='lat' dir='ltr'>Urbis</span> <span class='ocrx_word' id='word_1_122' title='bbox 2459 2206 2576 2254; x_wconf 89' lang='lat' dir='ltr'>ma</span> <span class='ocrx_word' id='word_1_123' title='bbox 2630 2106 3007 2255; x_wconf 58' lang='lat' dir='ltr'>nigcentia</span> <span class='ocrx_word' id='word_1_124' title='bbox 3040 2200 3322 2266; x_wconf 91' lang='lat' dir='ltr'>motus,</span> <span class='ocrx_word' id='word_1_125' title='bbox 3378 2176 3812 2255; x_wconf 90' lang='lat' dir='ltr'>Suetonium</span> <span class='ocrx_word' id='word_1_126' title='bbox 3858 2177 4099 2275; x_wconf 88' lang='lat' dir='ltr'>ejusve</span> <span class='ocrx_word' id='word_1_127' title='bbox 4145 2178 4241 2251; x_wconf 88' lang='lat' dir='ltr'>li·-</span> 
     </span>
     <span class='ocr_line' id='line_1_16' title="bbox 1464 2207 4241 2376; baseline -0.003 -15"><span class='ocrx_word' id='word_1_128' title='bbox 1464 2283 1744 2361; x_wconf 87' lang='lat' dir='ltr'>brarios</span> <span class='ocrx_word' id='word_1_129' title='bbox 1803 2285 1927 2358; x_wconf 80' lang='lat' dir='ltr'>hic</span> <span class='ocrx_word' id='word_1_130' title='bbox 1978 2281 2229 2358; x_wconf 76' lang='lat' dir='ltr'>errasse</span> <span class='ocrx_word' id='word_1_131' title='bbox 2273 2207 2700 2366; x_wconf 58' lang='lat' dir='ltr'>contencfit,</span> <span class='ocrx_word' id='word_1_132' title='bbox 2753 2286 2822 2353; x_wconf 75' lang='grc' dir='ltr'>δε</span> <span class='ocrx_word' id='word_1_133' title='bbox 2883 2277 3267 2367; x_wconf 89' lang='lat' dir='ltr'>emendat,</span> <span class='ocrx_word' id='word_1_134' title='bbox 3321 2301 3600 2351; x_wconf 81' lang='lat' dir='ltr'>trecenta</span> <span class='ocrx_word' id='word_1_135' title='bbox 3634 2279 3945 2376; x_wconf 84' lang='lat' dir='ltr'>funerum</span> <span class='ocrx_word' id='word_1_136' title='bbox 3979 2281 4241 2353; x_wconf 82' lang='lat' dir='ltr'>millia:</span> 
     </span>
     <span class='ocr_line' id='line_1_17' title="bbox 1466 2375 4236 2484; baseline -0.003 -25"><span class='ocrx_word' id='word_1_137' title='bbox 1466 2385 1804 2460; x_wconf 88' lang='lat' dir='ltr'>eumdem</span> <span class='ocrx_word' id='word_1_138' title='bbox 1849 2382 2103 2484; x_wconf 89' lang='lat' dir='ltr'>postea</span> <span class='ocrx_word' id='word_1_139' title='bbox 2141 2405 2521 2455; x_wconf 90' lang='lat' dir='ltr'>numerum</span> <span class='ocrx_word' id='word_1_140' title='bbox 2549 2379 2663 2451; x_wconf 91' lang='lat' dir='ltr'>Cl.</span> <span class='ocrx_word' id='word_1_141' title='bbox 2702 2378 3138 2467; x_wconf 86' lang='lat' dir='ltr'>Chevreau,</span> <span class='ocrx_word' id='word_1_142' title='bbox 3188 2376 3543 2480; x_wconf 88' lang='lat' dir='ltr'>multique</span> <span class='ocrx_word' id='word_1_143' title='bbox 3598 2402 3836 2451; x_wconf 91' lang='lat' dir='ltr'>rerum</span> <span class='ocrx_word' id='word_1_144' title='bbox 3886 2375 4236 2451; x_wconf 85' lang='lat' dir='ltr'>Romana-</span> 
     </span>
     <span class='ocr_line' id='line_1_18' title="bbox 1391 2476 4242 2585; baseline -0.002 -27"><span class='ocrx_word' id='word_1_145' title='bbox 1391 2481 1395 2487; x_wconf 42' lang='lat'>*</span> <span class='ocrx_word' id='word_1_146' title='bbox 1462 2508 1623 2558; x_wconf 84' lang='lat' dir='ltr'>rum</span> <span class='ocrx_word' id='word_1_147' title='bbox 1669 2483 2053 2585; x_wconf 83' lang='lat' dir='ltr'>scriptores</span> <span class='ocrx_word' id='word_1_148' title='bbox 2098 2479 2349 2580; x_wconf 89' lang='lat' dir='ltr'>postea</span> <span class='ocrx_word' id='word_1_149' title='bbox 2389 2478 2831 2578; x_wconf 85' lang='lat' dir='ltr'>prodidere3</span> <span class='ocrx_word' id='word_1_150' title='bbox 2884 2476 3088 2552; x_wconf 70' lang='lat' dir='ltr'>nulla</span> <span class='ocrx_word' id='word_1_151' title='bbox 3144 2477 3454 2553; x_wconf 89' lang='lat' dir='ltr'>omnino</span> <span class='ocrx_word' id='word_1_152' title='bbox 3507 2479 3965 2565; x_wconf 79' lang='lat' dir='ltr'>necestitate,</span> <span class='ocrx_word' id='word_1_153' title='bbox 4017 2476 4242 2552; x_wconf 86' lang='lat' dir='ltr'>immo</span> 
     </span>
     <span class='ocr_line' id='line_1_19' title="bbox 1464 2576 4243 2678; baseline -0.002 -20"><span class='ocrx_word' id='word_1_154' title='bbox 1464 2583 1780 2658; x_wconf 85' lang='lat' dir='ltr'>historiae</span> <span class='ocrx_word' id='word_1_155' title='bbox 1822 2582 2114 2656; x_wconf 88' lang='lat' dir='ltr'>damno.</span> <span class='ocrx_word' id='word_1_156' title='bbox 2176 2579 2493 2654; x_wconf 76' lang='lat' dir='ltr'>Abund&#39;e</span> <span class='ocrx_word' id='word_1_157' title='bbox 2547 2577 2744 2652; x_wconf 89' lang='lat' dir='ltr'>enim</span> <span class='ocrx_word' id='word_1_158' title='bbox 2775 2576 3115 2653; x_wconf 83' lang='lat' dir='ltr'>Libitinae</span> <span class='ocrx_word' id='word_1_159' title='bbox 3148 2577 3574 2663; x_wconf 67' lang='lat' dir='ltr'>satisfaflum</span> <span class='ocrx_word' id='word_1_160' title='bbox 3613 2635 3633 2669; x_wconf 93' lang='lat'>,</span> <span class='ocrx_word' id='word_1_161' title='bbox 3691 2577 3740 2652; x_wconf 88' lang='lat' dir='ltr'><strong>fi</strong></span> <span class='ocrx_word' id='word_1_162' title='bbox 3783 2577 4243 2678; x_wconf 69' lang='lat' dir='ltr'>pestilentia,</span> 
     </span>
     <span class='ocr_line' id='line_1_20' title="bbox 1466 2677 4253 2780; baseline -0.003 -23"><span class='ocrx_word' id='word_1_163' title='bbox 1466 2686 1541 2759; x_wconf 84' lang='lat' dir='ltr'>de</span> <span class='ocrx_word' id='word_1_164' title='bbox 1575 2684 1852 2756; x_wconf 85' lang='lat' dir='ltr'>maladie</span> <span class='ocrx_word' id='word_1_165' title='bbox 1900 2681 2326 2780; x_wconf 81' lang='lat' dir='ltr'>e&#39;pide&#39;mique,</span> <span class='ocrx_word' id='word_1_166' title='bbox 2372 2677 2670 2778; x_wconf 88' lang='lat' dir='ltr'>triginta</span> <span class='ocrx_word' id='word_1_167' title='bbox 2691 2677 3076 2752; x_wconf 89' lang='lat' dir='ltr'>hominum</span> <span class='ocrx_word' id='word_1_168' title='bbox 3106 2677 3338 2753; x_wconf 92' lang='lat' dir='ltr'>millia</span> <span class='ocrx_word' id='word_1_169' title='bbox 3383 2706 3536 2758; x_wconf 90' lang='lat' dir='ltr'>uno</span> <span class='ocrx_word' id='word_1_170' title='bbox 3561 2701 3909 2755; x_wconf 90' lang='lat' dir='ltr'>autumno</span> <span class='ocrx_word' id='word_1_171' title='bbox 3959 2704 4253 2753; x_wconf 73' lang='lat' dir='ltr'>occum-</span> 
     </span>
     <span class='ocr_line' id='line_1_21' title="bbox 1467 2777 4245 2883; baseline -0.001 -25"><span class='ocrx_word' id='word_1_172' title='bbox 1467 2785 1667 2859; x_wconf 88' lang='lat' dir='ltr'>bant.</span> <span class='ocrx_word' id='word_1_173' title='bbox 1721 2780 2213 2855; x_wconf 87' lang='lat' dir='ltr'>Pestilentiam</span> <span class='ocrx_word' id='word_1_174' title='bbox 2267 2802 2564 2883; x_wconf 89' lang='lat' dir='ltr'>quoque</span> <span class='ocrx_word' id='word_1_175' title='bbox 2620 2777 2826 2854; x_wconf 85' lang='lat' dir='ltr'>illam</span> <span class='ocrx_word' id='word_1_176' title='bbox 2862 2777 3165 2855; x_wconf 87' lang='lat' dir='ltr'>Tacitus</span> <span class='ocrx_word' id='word_1_177' title='bbox 3220 2778 3412 2856; x_wconf 90' lang='lat' dir='ltr'>inter</span> <span class='ocrx_word' id='word_1_178' title='bbox 3461 2781 3800 2869; x_wconf 87' lang='lat' dir='ltr'>morbos,</span> <span class='ocrx_word' id='word_1_179' title='bbox 3836 2805 3992 2855; x_wconf 90' lang='lat' dir='ltr'>non</span> <span class='ocrx_word' id='word_1_180' title='bbox 4053 2780 4245 2862; x_wconf 85' lang='lat' dir='ltr'>inter</span> 
     </span>
     <span class='ocr_line' id='line_1_22' title="bbox 1463 2880 2126 2987; baseline -0.005 -27"><span class='ocrx_word' id='word_1_181' title='bbox 1463 2884 1738 2987; x_wconf 90' lang='lat' dir='ltr'>pestes,</span> <span class='ocrx_word' id='word_1_182' title='bbox 1779 2880 2126 2958; x_wconf 89' lang='lat' dir='ltr'>recenset.</span> 
     </span>
    </p>

    <p class='ocr_par' dir='ltr' id='par_1_6' title="bbox 1466 2977 4253 3484">
     <span class='ocr_line' id='line_1_23' title="bbox 1572 2977 4247 3084; baseline -0.001 -27"><span class='ocrx_word' id='word_1_183' title='bbox 1572 2983 1681 3057; x_wconf 83' lang='lat' dir='ltr'>Ex</span> <span class='ocrx_word' id='word_1_184' title='bbox 1715 3007 2021 3057; x_wconf 89' lang='lat' dir='ltr'>numero</span> <span class='ocrx_word' id='word_1_185' title='bbox 2062 2999 2301 3055; x_wconf 89' lang='lat' dir='ltr'>autem</span> <span class='ocrx_word' id='word_1_186' title='bbox 2331 2980 2591 3053; x_wconf 83' lang='lat' dir='ltr'>Romae</span> <span class='ocrx_word' id='word_1_187' title='bbox 2624 2978 3031 3055; x_wconf 88' lang='lat' dir='ltr'>incolarum</span> <span class='ocrx_word' id='word_1_188' title='bbox 3055 3038 3075 3072; x_wconf 92' lang='lat'>,</span> <span class='ocrx_word' id='word_1_189' title='bbox 3107 3006 3323 3084; x_wconf 87' lang='lat' dir='ltr'>quem</span> <span class='ocrx_word' id='word_1_190' title='bbox 3349 2980 3644 3055; x_wconf 83' lang='lat' dir='ltr'>exhibui</span> <span class='ocrx_word' id='word_1_191' title='bbox 3675 2979 3884 3081; x_wconf 76' lang='lat' dir='ltr'>supra</span> <span class='ocrx_word' id='word_1_192' title='bbox 3914 2977 3989 3052; x_wconf 92' lang='lat' dir='ltr'>in</span> <span class='ocrx_word' id='word_1_193' title='bbox 4024 2979 4247 3055; x_wconf 90' lang='lat' dir='ltr'>Notis</span> 
     </span>
     <span class='ocr_line' id='line_1_24' title="bbox 1471 3079 4249 3182; baseline -0.002 -21"><span class='ocrx_word' id='word_1_194' title='bbox 1471 3092 1542 3161; x_wconf 88' lang='lat'>&amp;</span> <span class='ocrx_word' id='word_1_195' title='bbox 1582 3082 2236 3159; x_wconf 89' lang='lat' dir='ltr'>Emendationibus</span> <span class='ocrx_word' id='word_1_196' title='bbox 2286 3079 2378 3154; x_wconf 90' lang='lat' dir='ltr'>ad</span> <span class='ocrx_word' id='word_1_197' title='bbox 2440 3080 2704 3153; x_wconf 89' lang='lat' dir='ltr'>Annal.</span> <span class='ocrx_word' id='word_1_198' title='bbox 2766 3081 2913 3157; x_wconf 88' lang='lat' dir='ltr'>XII</span> <span class='ocrx_word' id='word_1_199' title='bbox 2934 3139 2956 3171; x_wconf 89' lang='lat'>,</span> <span class='ocrx_word' id='word_1_200' title='bbox 3020 3110 3167 3182; x_wconf 85' lang='lat'>23,</span> <span class='ocrx_word' id='word_1_201' title='bbox 3223 3083 3639 3157; x_wconf 86' lang='lat' dir='ltr'>emortualis</span> <span class='ocrx_word' id='word_1_202' title='bbox 3706 3106 4044 3156; x_wconf 85' lang='lat' dir='ltr'>numerus</span> <span class='ocrx_word' id='word_1_203' title='bbox 4110 3081 4249 3155; x_wconf 86' lang='lat' dir='ltr'>fnit</span> 
     </span>
     <span class='ocr_line' id='line_1_25' title="bbox 1467 3181 4249 3286; baseline -0.001 -26"><span class='ocrx_word' id='word_1_204' title='bbox 1467 3185 1725 3261; x_wconf 83' lang='lat' dir='ltr'>Rornae</span> <span class='ocrx_word' id='word_1_205' title='bbox 1773 3183 2062 3286; x_wconf 84' lang='lat' dir='ltr'>singulis</span> <span class='ocrx_word' id='word_1_206' title='bbox 2093 3181 2298 3257; x_wconf 91' lang='lat' dir='ltr'>annis</span> <span class='ocrx_word' id='word_1_207' title='bbox 2343 3181 2732 3256; x_wconf 85' lang='lat' dir='ltr'>hominum</span> <span class='ocrx_word' id='word_1_208' title='bbox 2783 3181 3069 3257; x_wconf 88' lang='lat' dir='ltr'>circiter</span> <span class='ocrx_word' id='word_1_209' title='bbox 3108 3185 3422 3279; x_wconf 86' lang='lat' dir='ltr'>36‚9oo.</span> <span class='ocrx_word' id='word_1_210' title='bbox 3453 3183 3633 3257; x_wconf 92' lang='lat' dir='ltr'>Hoc</span> <span class='ocrx_word' id='word_1_211' title='bbox 3674 3209 3907 3270; x_wconf 86' lang='lat' dir='ltr'>anno,</span> <span class='ocrx_word' id='word_1_212' title='bbox 3943 3206 4094 3283; x_wconf 90' lang='lat' dir='ltr'>quo</span> <span class='ocrx_word' id='word_1_213' title='bbox 4121 3182 4249 3256; x_wconf 76' lang='lat' dir='ltr'>sae-</span> 
     </span>
     <span class='ocr_line' id='line_1_26' title="bbox 1466 3275 4253 3388; baseline -0.001 -28"><span class='ocrx_word' id='word_1_214' title='bbox 1466 3284 1609 3360; x_wconf 90' lang='lat' dir='ltr'>viit</span> <span class='ocrx_word' id='word_1_215' title='bbox 1641 3281 2052 3388; x_wconf 89' lang='lat' dir='ltr'>pestilentia</span> <span class='ocrx_word' id='word_1_216' title='bbox 2104 3281 2196 3356; x_wconf 89' lang='lat' dir='ltr'>ad</span> <span class='ocrx_word' id='word_1_217' title='bbox 2233 3280 2615 3355; x_wconf 88' lang='lat' dir='ltr'>minimum</span> <span class='ocrx_word' id='word_1_218' title='bbox 2659 3282 2799 3357; x_wconf 88' lang='lat' dir='ltr'>suit</span> <span class='ocrx_word' id='word_1_219' title='bbox 2846 3283 3230 3357; x_wconf 90' lang='lat' dir='ltr'>hominum</span> <span class='ocrx_word' id='word_1_220' title='bbox 3261 3306 3580 3381; x_wconf 88' lang='lat' dir='ltr'>57,7oo.</span> <span class='ocrx_word' id='word_1_221' title='bbox 3633 3275 3849 3358; x_wconf 90' lang='lat' dir='ltr'>Illum</span> <span class='ocrx_word' id='word_1_222' title='bbox 3895 3307 4073 3385; x_wconf 90' lang='lat' dir='ltr'>ergo</span> <span class='ocrx_word' id='word_1_223' title='bbox 4121 3308 4253 3358; x_wconf 80' lang='lat' dir='ltr'>an-</span> 
     </span>
     <span class='ocr_line' id='line_1_27' title="bbox 1466 3380 3659 3484; baseline -0.001 -25"><span class='ocrx_word' id='word_1_224' title='bbox 1466 3410 1644 3459; x_wconf 91' lang='lat' dir='ltr'>num</span> <span class='ocrx_word' id='word_1_225' title='bbox 1684 3384 1959 3459; x_wconf 88' lang='lat' dir='ltr'>morbis</span> <span class='ocrx_word' id='word_1_226' title='bbox 2005 3383 2204 3458; x_wconf 80' lang='lat' dir='ltr'>fuisse</span> <span class='ocrx_word' id='word_1_227' title='bbox 2248 3380 2663 3484; x_wconf 87' lang='lat' dir='ltr'>insignitum</span> <span class='ocrx_word' id='word_1_228' title='bbox 2710 3382 2971 3457; x_wconf 76' lang='lat' dir='ltr'>merito</span> <span class='ocrx_word' id='word_1_229' title='bbox 3019 3382 3292 3484; x_wconf 86' lang='lat' dir='ltr'>scripsit</span> <span class='ocrx_word' id='word_1_230' title='bbox 3338 3383 3659 3461; x_wconf 89' lang='lat' dir='ltr'>Tacitus.</span> 
     </span>
    </p>

    <p class='ocr_par' dir='ltr' id='par_1_7' title="bbox 1467 3481 4253 4385">
     <span class='ocr_line' id='line_1_28' title="bbox 1578 3481 4253 3585; baseline 0.001 -28"><span class='ocrx_word' id='word_1_231' title='bbox 1578 3484 1745 3560; x_wconf 91' lang='lat' dir='ltr'>Alia</span> <span class='ocrx_word' id='word_1_232' title='bbox 1769 3485 2078 3560; x_wconf 88' lang='lat' dir='ltr'>omnino</span> <span class='ocrx_word' id='word_1_233' title='bbox 2111 3481 2298 3558; x_wconf 91' lang='lat' dir='ltr'>ratio</span> <span class='ocrx_word' id='word_1_234' title='bbox 2329 3539 2347 3572; x_wconf 88' lang='lat'>‚</span> <span class='ocrx_word' id='word_1_235' title='bbox 2389 3485 2557 3555; x_wconf 79' lang='lat' dir='ltr'>cum</span> <span class='ocrx_word' id='word_1_236' title='bbox 2598 3481 2807 3572; x_wconf 90' lang='lat' dir='ltr'>urbs,</span> <span class='ocrx_word' id='word_1_237' title='bbox 2840 3481 3070 3585; x_wconf 90' lang='lat' dir='ltr'>qualis</span> <span class='ocrx_word' id='word_1_238' title='bbox 3097 3505 3250 3559; x_wconf 87' lang='lat' dir='ltr'>erat</span> <span class='ocrx_word' id='word_1_239' title='bbox 3293 3481 3565 3576; x_wconf 83' lang='lat' dir='ltr'>Roma,</span> <span class='ocrx_word' id='word_1_240' title='bbox 3597 3482 3793 3585; x_wconf 90' lang='lat' dir='ltr'>peste</span> <span class='ocrx_word' id='word_1_241' title='bbox 3817 3483 4253 3570; x_wconf 55' lang='lat' dir='ltr'>vastareturg</span> 
     </span>
     <span class='ocr_line' id='line_1_29' title="bbox 1468 3582 4248 3686; baseline -0.001 -25"><span class='ocrx_word' id='word_1_242' title='bbox 1468 3585 1692 3661; x_wconf 89' lang='lat' dir='ltr'>Hanc</span> <span class='ocrx_word' id='word_1_243' title='bbox 1749 3585 2145 3660; x_wconf 63' lang='lat' dir='ltr'>lufiuosam</span> <span class='ocrx_word' id='word_1_244' title='bbox 2193 3582 2675 3657; x_wconf 88' lang='lat' dir='ltr'>calamitatem</span> <span class='ocrx_word' id='word_1_245' title='bbox 2707 3639 2727 3673; x_wconf 90' lang='lat'>,</span> <span class='ocrx_word' id='word_1_246' title='bbox 2790 3606 3058 3686; x_wconf 87' lang='lat' dir='ltr'>quanta</span> <span class='ocrx_word' id='word_1_247' title='bbox 3107 3610 3201 3659; x_wconf 91' lang='lat' dir='ltr'>ue</span> <span class='ocrx_word' id='word_1_248' title='bbox 3244 3583 3417 3659; x_wconf 75' lang='lat' dir='ltr'>alias</span> <span class='ocrx_word' id='word_1_249' title='bbox 3468 3611 3624 3661; x_wconf 92' lang='lat' dir='ltr'>non</span> <span class='ocrx_word' id='word_1_250' title='bbox 3672 3585 3950 3677; x_wconf 86' lang='lat' dir='ltr'>fuerat,</span> <span class='ocrx_word' id='word_1_251' title='bbox 3984 3584 4248 3662; x_wconf 81' lang='lat' dir='ltr'>Romae</span> 
     </span>
     <span class='ocr_line' id='line_1_30' title="bbox 1469 3683 4244 3786; baseline 0 -27"><span class='ocrx_word' id='word_1_252' title='bbox 1469 3684 1849 3786; x_wconf 86' lang='lat' dir='ltr'>contigisse</span> <span class='ocrx_word' id='word_1_253' title='bbox 1872 3741 1891 3775; x_wconf 89' lang='lat'>,</span> <span class='ocrx_word' id='word_1_254' title='bbox 1925 3685 2107 3759; x_wconf 92' lang='lat' dir='ltr'>Tito</span> <span class='ocrx_word' id='word_1_255' title='bbox 2140 3683 2477 3785; x_wconf 89' lang='lat' dir='ltr'>Principe</span> <span class='ocrx_word' id='word_1_256' title='bbox 2508 3738 2529 3771; x_wconf 87' lang='lat'>,</span> <span class='ocrx_word' id='word_1_257' title='bbox 2556 3685 2895 3759; x_wconf 88' lang='lat' dir='ltr'>novimus</span> <span class='ocrx_word' id='word_1_258' title='bbox 2928 3710 3019 3760; x_wconf 86' lang='lat' dir='ltr'>ex</span> <span class='ocrx_word' id='word_1_259' title='bbox 3107 3686 3420 3760; x_wconf 90' lang='lat' dir='ltr'>uetonio</span> <span class='ocrx_word' id='word_1_260' title='bbox 3473 3686 3551 3760; x_wconf 94' lang='lat' dir='ltr'>in</span> <span class='ocrx_word' id='word_1_261' title='bbox 3597 3686 3753 3763; x_wconf 85' lang='lat' dir='ltr'>Tit.</span> <span class='ocrx_word' id='word_1_262' title='bbox 3777 3685 4010 3778; x_wconf 92' lang='lat' dir='ltr'><strong>VIII,</strong></span> <span class='ocrx_word' id='word_1_263' title='bbox 4045 3692 4117 3762; x_wconf 87' lang='lat'>&amp;</span> <span class='ocrx_word' id='word_1_264' title='bbox 4154 3710 4244 3761; x_wconf 85' lang='lat' dir='ltr'>ex</span> 
     </span>
     <span class='ocr_line' id='line_1_31' title="bbox 1467 3783 4240 3889; baseline 0.001 -32"><span class='ocrx_word' id='word_1_265' title='bbox 1467 3785 1767 3859; x_wconf 65' lang='lat' dir='ltr'>ViRore</span> <span class='ocrx_word' id='word_1_266' title='bbox 1805 3786 1880 3858; x_wconf 89' lang='lat' dir='ltr'>in</span> <span class='ocrx_word' id='word_1_267' title='bbox 1912 3783 2232 3883; x_wconf 89' lang='lat' dir='ltr'>Epitom.</span> <span class='ocrx_word' id='word_1_268' title='bbox 2275 3783 2485 3858; x_wconf 89' lang='lat' dir='ltr'>Illam</span> <span class='ocrx_word' id='word_1_269' title='bbox 2520 3783 2868 3861; x_wconf 87' lang='lat' dir='ltr'>Eusebius</span> <span class='ocrx_word' id='word_1_270' title='bbox 2903 3784 2979 3859; x_wconf 91' lang='lat' dir='ltr'>in</span> <span class='ocrx_word' id='word_1_271' title='bbox 3012 3784 3366 3861; x_wconf 88' lang='lat' dir='ltr'>Chronic.</span> <span class='ocrx_word' id='word_1_272' title='bbox 3417 3811 3798 3889; x_wconf 88' lang='lat' dir='ltr'>perperam</span> <span class='ocrx_word' id='word_1_273' title='bbox 3828 3785 3921 3859; x_wconf 91' lang='lat' dir='ltr'>ad</span> <span class='ocrx_word' id='word_1_274' title='bbox 3974 3788 4240 3885; x_wconf 89' lang='lat' dir='ltr'>Vespa-</span> 
     </span>
     <span class='ocr_line' id='line_1_32' title="bbox 1468 3883 4240 3991; baseline -0 -30"><span class='ocrx_word' id='word_1_275' title='bbox 1468 3883 1642 3961; x_wconf 86' lang='lat' dir='ltr'>fiani</span> <span class='ocrx_word' id='word_1_276' title='bbox 1690 3884 2181 3986; x_wconf 89' lang='lat' dir='ltr'>Principatum</span> <span class='ocrx_word' id='word_1_277' title='bbox 2211 3884 2529 3959; x_wconf 87' lang='lat' dir='ltr'>retraxit.</span> <span class='ocrx_word' id='word_1_278' title='bbox 2589 3887 2834 3980; x_wconf 88' lang='lat' dir='ltr'>Quam</span> <span class='ocrx_word' id='word_1_279' title='bbox 2871 3887 3049 3961; x_wconf 80' lang='lat' dir='ltr'>verb</span> <span class='ocrx_word' id='word_1_280' title='bbox 3098 3885 3402 3991; x_wconf 88' lang='lat' dir='ltr'>stragem</span> <span class='ocrx_word' id='word_1_281' title='bbox 3454 3887 3768 3962; x_wconf 89' lang='lat' dir='ltr'>ediderit</span> <span class='ocrx_word' id='word_1_282' title='bbox 3792 3888 3826 3976; x_wconf 81' lang='grc'>,’</span> <span class='ocrx_word' id='word_1_283' title='bbox 3861 3886 3975 3960; x_wconf 89' lang='lat' dir='ltr'>his</span> <span class='ocrx_word' id='word_1_284' title='bbox 4004 3884 4240 3962; x_wconf 86' lang='lat' dir='ltr'>verbis</span> 
     </span>
     <span class='ocr_line' id='line_1_33' title="bbox 1471 3985 4243 4084; baseline 0.001 -27"><span class='ocrx_word' id='word_1_285' title='bbox 1471 3989 1737 4059; x_wconf 86' lang='lat' dir='ltr'>docet:</span> <span class='ocrx_word' id='word_1_286' title='bbox 1786 3986 1951 4058; x_wconf 86' lang='lat' dir='ltr'>Lues</span> <span class='ocrx_word' id='word_1_287' title='bbox 1995 3991 2214 4084; x_wconf 84' lang='lat' dir='ltr'>ingens</span> <span class='ocrx_word' id='word_1_288' title='bbox 2244 3986 2466 4058; x_wconf 86' lang='lat' dir='ltr'>Romae</span> <span class='ocrx_word' id='word_1_289' title='bbox 2492 3985 2717 4081; x_wconf 60' lang='lat' dir='ltr'>faffa,</span> <span class='ocrx_word' id='word_1_290' title='bbox 2772 4013 2843 4061; x_wconf 85' lang='lat' dir='ltr'>ut</span> <span class='ocrx_word' id='word_1_291' title='bbox 2866 4016 2985 4083; x_wconf 86' lang='lat' dir='ltr'>per</span> <span class='ocrx_word' id='word_1_292' title='bbox 3013 3991 3246 4062; x_wconf 87' lang='lat' dir='ltr'>multos</span> <span class='ocrx_word' id='word_1_293' title='bbox 3291 3990 3519 4067; x_wconf 81' lang='lat' dir='ltr'>diesin</span> <span class='ocrx_word' id='word_1_294' title='bbox 3554 3988 3997 4081; x_wconf 78' lang='lat' dir='ltr'>ephemeridem</span> <span class='ocrx_word' id='word_1_295' title='bbox 4037 3986 4243 4059; x_wconf 86' lang='lat' dir='ltr'>decem</span> 
     </span>
     <span class='ocr_line' id='line_1_34' title="bbox 1469 4082 4241 4190; baseline 0 -33"><span class='ocrx_word' id='word_1_296' title='bbox 1469 4086 1688 4157; x_wconf 80' lang='lat' dir='ltr'>millia</span> <span class='ocrx_word' id='word_1_297' title='bbox 1726 4082 1939 4180; x_wconf 83' lang='lat' dir='ltr'>ferme</span> <span class='ocrx_word' id='word_1_298' title='bbox 1986 4108 2380 4157; x_wconf 83' lang='lat' dir='ltr'>mortuorum</span> <span class='ocrx_word' id='word_1_299' title='bbox 2437 4090 2764 4160; x_wconf 80' lang='lat' dir='ltr'>hominum</span> <span class='ocrx_word' id='word_1_300' title='bbox 2807 4088 3217 4182; x_wconf 82' lang='lat' dir='ltr'>referrentur.</span> <span class='ocrx_word' id='word_1_301' title='bbox 3252 4089 3435 4180; x_wconf 82' lang='lat' dir='ltr'>Quae</span> <span class='ocrx_word' id='word_1_302' title='bbox 3480 4087 3649 4160; x_wconf 74' lang='lat' dir='ltr'>cum</span> <span class='ocrx_word' id='word_1_303' title='bbox 3694 4088 3903 4162; x_wconf 86' lang='lat' dir='ltr'>multi</span> <span class='ocrx_word' id='word_1_304' title='bbox 3942 4087 4241 4190; x_wconf 84' lang='lat' dir='ltr'>legunt,</span> 
     </span>
     <span class='ocr_line' id='line_1_35' title="bbox 1470 4181 4242 4288; baseline 0 -29"><span class='ocrx_word' id='word_1_305' title='bbox 1470 4184 1595 4261; x_wconf 86' lang='lat' dir='ltr'>vel</span> <span class='ocrx_word' id='word_1_306' title='bbox 1637 4205 1907 4288; x_wconf 90' lang='lat' dir='ltr'>quanta</span> <span class='ocrx_word' id='word_1_307' title='bbox 1944 4181 2161 4257; x_wconf 89' lang='lat' dir='ltr'>fuerit</span> <span class='ocrx_word' id='word_1_308' title='bbox 2191 4181 2349 4258; x_wconf 81' lang='lat' dir='ltr'>haec</span> <span class='ocrx_word' id='word_1_309' title='bbox 2388 4184 2544 4259; x_wconf 91' lang='lat' dir='ltr'>lues</span> <span class='ocrx_word' id='word_1_310' title='bbox 2590 4213 2744 4260; x_wconf 90' lang='lat' dir='ltr'>non</span> <span class='ocrx_word' id='word_1_311' title='bbox 2775 4186 3158 4260; x_wconf 88' lang='lat' dir='ltr'>attendunt</span> <span class='ocrx_word' id='word_1_312' title='bbox 3184 4241 3205 4275; x_wconf 93' lang='lat'><strong>,</strong></span> <span class='ocrx_word' id='word_1_313' title='bbox 3245 4186 3368 4261; x_wconf 89' lang='lat' dir='ltr'>vel</span> <span class='ocrx_word' id='word_1_314' title='bbox 3399 4240 3419 4274; x_wconf 93' lang='lat'>,</span> <span class='ocrx_word' id='word_1_315' title='bbox 3461 4186 3511 4260; x_wconf 88' lang='lat' dir='ltr'>fi</span> <span class='ocrx_word' id='word_1_316' title='bbox 3556 4187 4000 4263; x_wconf 87' lang='lat' dir='ltr'>attenderint</span> <span class='ocrx_word' id='word_1_317' title='bbox 4024 4246 4047 4279; x_wconf 88' lang='lat'>‚</span> <span class='ocrx_word' id='word_1_318' title='bbox 4087 4212 4242 4261; x_wconf 91' lang='lat' dir='ltr'>non</span> 
     </span>
     <span class='ocr_line' id='line_1_36' title="bbox 1469 4283 3786 4385; baseline 0 -25"><span class='ocrx_word' id='word_1_319' title='bbox 1469 4283 1637 4360; x_wconf 86' lang='lat' dir='ltr'>satis</span> <span class='ocrx_word' id='word_1_320' title='bbox 1693 4285 2107 4385; x_wconf 87' lang='lat' dir='ltr'>percipiunt</span> <span class='ocrx_word' id='word_1_321' title='bbox 2133 4341 2154 4375; x_wconf 93' lang='lat'><strong>,</strong></span> <span class='ocrx_word' id='word_1_322' title='bbox 2187 4284 2757 4385; x_wconf 73' lang='lat' dir='ltr'>grandiorefque</span> <span class='ocrx_word' id='word_1_323' title='bbox 2807 4284 2943 4359; x_wconf 90' lang='lat' dir='ltr'>esse</span> <span class='ocrx_word' id='word_1_324' title='bbox 2977 4310 3318 4360; x_wconf 88' lang='lat' dir='ltr'>numeros</span> <span class='ocrx_word' id='word_1_325' title='bbox 3361 4287 3786 4362; x_wconf 84' lang='lat' dir='ltr'>exclamant.</span> 
     </span>
    </p>

    <p class='ocr_par' dir='ltr' id='par_1_8' title="bbox 1469 4383 4249 4995">
     <span class='ocr_line' id='line_1_37' title="bbox 1573 4383 4249 4491; baseline 0 -34"><span class='ocrx_word' id='word_1_326' title='bbox 1573 4385 1860 4479; x_wconf 88' lang='lat' dir='ltr'>Quibus</span> <span class='ocrx_word' id='word_1_327' title='bbox 1884 4408 1965 4460; x_wconf 87' lang='lat' dir='ltr'>ut</span> <span class='ocrx_word' id='word_1_328' title='bbox 1999 4385 2124 4460; x_wconf 91' lang='lat' dir='ltr'>fiat</span> <span class='ocrx_word' id='word_1_329' title='bbox 2156 4384 2319 4458; x_wconf 92' lang='lat' dir='ltr'>satis</span> <span class='ocrx_word' id='word_1_330' title='bbox 2344 4442 2362 4475; x_wconf 89' lang='lat'><strong>,</strong></span> <span class='ocrx_word' id='word_1_331' title='bbox 2394 4383 2929 4477; x_wconf 88' lang='lat' dir='ltr'>observandum</span> <span class='ocrx_word' id='word_1_332' title='bbox 2972 4384 3072 4460; x_wconf 91' lang='lat' dir='ltr'>est</span> <span class='ocrx_word' id='word_1_333' title='bbox 3109 4385 3438 4488; x_wconf 87' lang='lat' dir='ltr'>plurimis</span> <span class='ocrx_word' id='word_1_334' title='bbox 3483 4388 4011 4491; x_wconf 83' lang='lat' dir='ltr'>tristiffimisque</span> <span class='ocrx_word' id='word_1_335' title='bbox 4046 4387 4249 4461; x_wconf 86' lang='lat' dir='ltr'>urbis</span> 
     </span>
     <span class='ocr_line' id='line_1_38' title="bbox 1471 4482 4246 4589; baseline 0 -32"><span class='ocrx_word' id='word_1_336' title='bbox 1471 4482 1796 4560; x_wconf 90' lang='lat' dir='ltr'>Londini</span> <span class='ocrx_word' id='word_1_337' title='bbox 1846 4485 2356 4586; x_wconf 87' lang='lat' dir='ltr'>experimentis</span> <span class='ocrx_word' id='word_1_338' title='bbox 2415 4506 2872 4586; x_wconf 86' lang='lat' dir='ltr'>compertum</span> <span class='ocrx_word' id='word_1_339' title='bbox 2927 4486 3112 4578; x_wconf 90' lang='lat' dir='ltr'>esse,</span> <span class='ocrx_word' id='word_1_340' title='bbox 3166 4492 3454 4563; x_wconf 67' lang='lat' dir='ltr'>austore</span> <span class='ocrx_word' id='word_1_341' title='bbox 3508 4487 3623 4565; x_wconf 90' lang='lat' dir='ltr'>Cl.</span> <span class='ocrx_word' id='word_1_342' title='bbox 3680 4488 3937 4589; x_wconf 92' lang='lat' dir='ltr'>Petty,</span> <span class='ocrx_word' id='word_1_343' title='bbox 3977 4489 4246 4563; x_wconf 79' lang='lat' dir='ltr'>Several</span> 
     </span>
     <span class='ocr_line' id='line_1_39' title="bbox 1469 4584 4244 4692; baseline 0.001 -36"><span class='ocrx_word' id='word_1_344' title='bbox 1469 4584 1691 4685; x_wconf 80' lang='lat' dir='ltr'>Effizys</span> <span class='ocrx_word' id='word_1_345' title='bbox 1723 4592 1792 4658; x_wconf 85' lang='lat' dir='ltr'>in</span> <span class='ocrx_word' id='word_1_346' title='bbox 1817 4591 2118 4681; x_wconf 70' lang='lat' dir='ltr'>politica!</span> <span class='ocrx_word' id='word_1_347' title='bbox 2149 4587 2589 4676; x_wconf 77' lang='lat' dir='ltr'>Arithmetik‚</span> <span class='ocrx_word' id='word_1_348' title='bbox 2619 4612 2784 4691; x_wconf 87' lang='lat' dir='ltr'>pag.</span> <span class='ocrx_word' id='word_1_349' title='bbox 2835 4612 2917 4682; x_wconf 86' lang='lat'>31</span> <span class='ocrx_word' id='word_1_350' title='bbox 2948 4646 2969 4679; x_wconf 90' lang='lat'>,</span> <span class='ocrx_word' id='word_1_351' title='bbox 3009 4588 3208 4691; x_wconf 90' lang='lat' dir='ltr'>peste</span> <span class='ocrx_word' id='word_1_352' title='bbox 3257 4587 3527 4663; x_wconf 88' lang='lat' dir='ltr'>absumi</span> <span class='ocrx_word' id='word_1_353' title='bbox 3572 4590 3897 4692; x_wconf 89' lang='lat' dir='ltr'>quintam</span> <span class='ocrx_word' id='word_1_354' title='bbox 3943 4592 4091 4686; x_wconf 88' lang='lat' dir='ltr'>ejus</span> <span class='ocrx_word' id='word_1_355' title='bbox 4119 4586 4244 4658; x_wconf 89' lang='lat' dir='ltr'>in-</span> 
     </span>
     <span class='ocr_line' id='line_1_40' title="bbox 1476 4685 4242 4792; baseline 0.001 -37"><span class='ocrx_word' id='word_1_356' title='bbox 1476 4685 1806 4759; x_wconf 88' lang='lat' dir='ltr'>colarum</span> <span class='ocrx_word' id='word_1_357' title='bbox 1845 4708 2125 4786; x_wconf 88' lang='lat' dir='ltr'>partem</span> <span class='ocrx_word' id='word_1_358' title='bbox 2152 4744 2171 4775; x_wconf 93' lang='lat'>‚</span> <span class='ocrx_word' id='word_1_359' title='bbox 2227 4695 2290 4789; x_wconf 77' lang='lat'>—}.</span> <span class='ocrx_word' id='word_1_360' title='bbox 2334 4686 2453 4762; x_wconf 87' lang='lat' dir='ltr'>Sic</span> <span class='ocrx_word' id='word_1_361' title='bbox 2495 4713 2690 4764; x_wconf 89' lang='lat' dir='ltr'>anno</span> <span class='ocrx_word' id='word_1_362' title='bbox 2756 4689 2995 4791; x_wconf 87' lang='lat'>1665,</span> <span class='ocrx_word' id='word_1_363' title='bbox 3028 4715 3178 4792; x_wconf 90' lang='lat' dir='ltr'>quo</span> <span class='ocrx_word' id='word_1_364' title='bbox 3225 4692 3595 4765; x_wconf 78' lang='lat' dir='ltr'>teterrima</span> <span class='ocrx_word' id='word_1_365' title='bbox 3654 4688 3865 4790; x_wconf 86' lang='lat' dir='ltr'>pestis</span> <span class='ocrx_word' id='word_1_366' title='bbox 3910 4685 4242 4761; x_wconf 85' lang='lat' dir='ltr'>Londini</span> 
     </span>
     <span class='ocr_line' id='line_1_41' title="bbox 1470 4780 4248 4891; baseline 0.001 -35"><span class='ocrx_word' id='word_1_367' title='bbox 1470 4780 1705 4891; x_wconf 79' lang='lat' dir='ltr'>saeyiit</span> <span class='ocrx_word' id='word_1_368' title='bbox 1734 4840 1755 4874; x_wconf 93' lang='lat'><strong>,</strong></span> <span class='ocrx_word' id='word_1_369' title='bbox 1817 4787 2098 4883; x_wconf 88' lang='lat' dir='ltr'>periere</span> <span class='ocrx_word' id='word_1_370' title='bbox 2141 4787 2476 4863; x_wconf 91' lang='lat' dir='ltr'>homines</span> <span class='ocrx_word' id='word_1_371' title='bbox 2546 4812 2880 4885; x_wconf 89' lang='lat'>97,000‚</span> <span class='ocrx_word' id='word_1_372' title='bbox 2944 4815 3104 4891; x_wconf 80' lang='lat' dir='ltr'>quae</span> <span class='ocrx_word' id='word_1_373' title='bbox 3160 4811 3339 4866; x_wconf 89' lang='lat' dir='ltr'>tunc</span> <span class='ocrx_word' id='word_1_374' title='bbox 3380 4813 3531 4865; x_wconf 89' lang='lat' dir='ltr'>erat</span> <span class='ocrx_word' id='word_1_375' title='bbox 3592 4792 3803 4887; x_wconf 90' lang='lat' dir='ltr'>hujus</span> <span class='ocrx_word' id='word_1_376' title='bbox 3847 4789 4041 4863; x_wconf 85' lang='lat' dir='ltr'>urbis</span> <span class='ocrx_word' id='word_1_377' title='bbox 4086 4811 4248 4888; x_wconf 89' lang='lat' dir='ltr'>pars</span> 
     </span>
     <span class='ocr_line' id='line_1_42' title="bbox 1472 4884 4241 4995; baseline 0.003 -45"><span class='ocrx_word' id='word_1_378' title='bbox 1472 4901 1751 4985; x_wconf 75' lang='lat' dir='ltr'>quinta.</span> <span class='ocrx_word' id='word_1_379' title='bbox 1790 4884 2066 4960; x_wconf 74' lang='lat' dir='ltr'>Verum</span> <span class='ocrx_word' id='word_1_380' title='bbox 2095 4909 2177 4961; x_wconf 91' lang='lat' dir='ltr'>ut</span> <span class='ocrx_word' id='word_1_381' title='bbox 2222 4910 2435 4964; x_wconf 90' lang='lat' dir='ltr'>notat</span> <span class='ocrx_word' id='word_1_382' title='bbox 2461 4888 2659 4966; x_wconf 86' lang='lat' dir='ltr'>idem</span> <span class='ocrx_word' id='word_1_383' title='bbox 2706 4888 2822 4966; x_wconf 89' lang='lat' dir='ltr'>Cl.</span> <span class='ocrx_word' id='word_1_384' title='bbox 2878 4889 3091 4994; x_wconf 85' lang='lat' dir='ltr'>Petty</span> <span class='ocrx_word' id='word_1_385' title='bbox 3114 4947 3138 4984; x_wconf 88' lang='lat'><em>‚</em></span> <span class='ocrx_word' id='word_1_386' title='bbox 3171 4889 3349 4967; x_wconf 90' lang='lat' dir='ltr'>ibid.</span> <span class='ocrx_word' id='word_1_387' title='bbox 3399 4916 3569 4995; x_wconf 87' lang='lat' dir='ltr'>pag.</span> <span class='ocrx_word' id='word_1_388' title='bbox 3624 4899 3715 4969; x_wconf 88' lang='lat'>61</span> <span class='ocrx_word' id='word_1_389' title='bbox 3747 4948 3771 4983; x_wconf 90' lang='lat'><em>,</em></span> <span class='ocrx_word' id='word_1_390' title='bbox 3806 4890 3857 4965; x_wconf 85' lang='lat' dir='ltr'>si</span> <span class='ocrx_word' id='word_1_391' title='bbox 3906 4887 4121 4992; x_wconf 85' lang='lat' dir='ltr'>pestis</span> <span class='ocrx_word' id='word_1_392' title='bbox 4163 4887 4241 4959; x_wconf 90' lang='lat' dir='ltr'>in</span> 
     </span>
    </p>
   </div>
  </div>
 </body>
</html>
