4975 6149
980 407 1361 496 LIBRI
1425 405 1913 496 DECIMI
1971 404 2351 497 sEXTI
2411 400 3161 499 ANNALIUM.
3318 447 3492 525 323

699 573 966 668 Galba
1018 576 1220 661 vero
1273 574 1360 654 in
1406 572 1850 688 Imperium
1902 574 2251 658 adscitus
2300 585 2322 620 ¹
2357 633 2387 677 ,
2438 607 2608 662 non
2663 577 2883 689 quod
2942 575 3235 664 melior
3271 638 3301 685 ,
3362 583 3498 669 sed
3543 610 3777 656 ΕΞ

697 710 887 821 quia
935 702 1266 791 Neroni
1301 701 1608 784 iratior.
1655 700 1875 784 Tum
1921 701 2121 784 missi
2170 702 2478 812 equites
2524 712 2556 748 ²
2587 761 2618 809 ‚
2668 708 2807 813 qui
2852 705 3289 819 fugitivum
3329 714 3499 798 Ne..

697 862 991 920 ronem
1047 829 1151 916 ad
1195 824 1598 943 supplicia
1644 830 1927 914 vivum
1979 831 2497 915 attraherent.

826 955 1380 1048 LXXXVI.
1444 954 1596 1038 Ar
1630 958 1697 1041 is
1757 986 1899 1071 per
1928 953 2410 1043 diverticula
2448 968 2471 1017 ³
2504 1015 2534 1062 ,
2569 955 2946 1046 fruticeta
2983 962 3192 1048 inter
3221 996 3317 1052 ac
3352 997 3491 1053 ve-

595 1109 644 1191 5
704 1118 928 1206 preS‚
962 1082 1300 1172 occulto
1326 1081 1992 1169 effossaecavernae
2030 1088 2398 1190 introitu,
2423 1088 2511 1169 in
2534 1087 2923 1173 Phaontis
2952 1088 3496 1180 suburbanum

705 1244 912 1329 aegre
957 1213 1423 1327 inrepserat.
1464 1209 1710 1296 Nihil
1753 1209 1866 1294 ibi
1906 1214 2241 1328 pristinae
2296 1214 2713 1325 dignitatis
2763 1242 3082 1300 manet:
3135 1216 3307 1308 sola
3359 1224 3493 1307 in·-

704 1343 1012 1427 haerent
1059 1340 1309 1442 vitia,
1357 1367 1528 1450 quae
1548 1397 1577 1442 ‚
1617 1365 1712 1424 ut
1755 1341 2007 1423 vitam
2034 1400 2063 1445 ‚
2119 1342 2229 1427 fic
2265 1366 2615 1424 mortem
2648 1400 2677 1446 ,
2733 1341 3248 1428 infamavere.
3290 1347 3499 1433 Cor*

709 1498 858 1584 pus
887 1525 917 1572 ,
977 1464 1448 1552 deliciarum
1507 1466 1656 1549 usu
1709 1466 2046 1549 stafilum
2069 1525 2099 1572 ,
2148 1466 2609 1554 levamenta
2653 1525 2683 1572 ,
2754 1499 2924 1579 quae
3007 1472 3251 1556 offert
3323 1469 3497 1560 loci

712 1593 1030 1679 nuditas
1055 1653 1085 1699 ‚
1130 1620 1272 1679 aut
1314 1592 1616 1705 refugit
1654 1604 1693 1654 4
1721 1653 1749 1698 ‚
1795 1621 1935 1679 aut
1975 1593 2536 1680 miserabiliter
2584 1592 2905 1680 tolerat.
2943 1599 3250 1683 Animo
3288 1597 3499 1683 nihil

555 1755 659 1812 ιο
711 1724 1013 1824 fixum,
1053 1719 1264 1803 nihil
1297 1720 1670 1819 firmum3
1705 1724 2054 1837 impetus
2090 1726 2405 1809 tantum
2432 1781 2463 1828 ,
2505 1732 2589 1809 ὅ(
2619 1724 2945 1808 scenica
2984 1723 3299 1811 levitas.
3338 1727 3502 1811 Co-

713 1846 1046 1934 mitibus
1074 1907 1103 1952 ‚
1147 1872 1242 1932 ut
1290 1879 1337 1924 <c
1383 1845 1638 1959 quam·
1671 1851 2017 1964 primum
2066 1851 2149 1936 se
2213 1851 2722 1967 impendenti
2774 1850 3288 1936 contumeliae
3343 1856 3499 1938 eri-

713 1980 885 2095 piat
918 1972 1382 2060 instantibus
1416 2032 1446 2080 ,
1494 1979 1779 2062 annuit
1821 2013 1840 2063 :
1913 1977 2052 2064 sed
2100 1978 2475 2065 scrobem
2528 1988 2554 2044 5
2610 1978 2787 2061 fieri
2828 1981 3214 2095 imperat:
3261 1980 3501 2066 frusta

717 2103 1135 2188 marmoris
1157 2162 1187 2208 ‚
1235 2131 1570 2214 aquam,
1620 2102 1842 2218 ligna
1868 2164 1897 2209 ‚
1948 2133 2373 2219 ceteraque
2419 2107 2794 2189 funerum
2848 2131 3072 2220 parat
3096 2166 3124 2210 ‚
3161 2108 3360 2191 flens
3398 2107 3500 2195 ad

716 2224 1080 2342 fingula3
1116 2254 1357 2340 atque
1383 2232 1856 2316 idemtidem
1896 2233 2262 2318 diEtitans
2291 2292 2320 2337 ‚
2366 2266 2412 2309 ε(
2444 2228 2736 2345 Qualis
2762 2232 3048 2316 artifex
3085 2230 3387 2347 pereo6
3410 2268 3455 2311 »
3480 2270 3509 2319 .ῑ

557 2386 594 2437 ι
614 2378 656 2461 5
843 2354 1439 2443 LXXXVII.
1504 2360 1713 2445 HAS
1773 2363 1983 2443 inter
2042 2389 2306 2445 moras
2343 2356 2697 2474 perlatos
2736 2391 2780 2443 a
2813 2361 3202 2445 Phaontis
3240 2360 3507 2445 curso-⁴

715 2513 806 2568 re
863 2480 1296 2570 codicillos
1345 2484 1624 2572 avidus
1676 2489 2023 2602 praeripit
2074 2496 2166 2584 ⁷3
2219 2484 2591 2598 lectoque
2649 2484 2732 2569 se
2785 2488 3094 2571 hostem
3139 2517 3183 2569 a
3224 2487 3506 2570 senatu

717 2607 1167 2720 judicatum
1193 2669 1224 2716 ,
1267 2619 1351 2696 ὃ(
1389 2616 1628 2725 quaeri
1652 2673 1680 2718 ,
1731 2639 1823 2697 ut
1852 2643 2079 2698 more
2125 2610 2525 2722 majorum
2578 2615 2955 2729 puniatur
2994 2673 3023 2718 ‚
3063 2615 3512 2725 interrogat

737 2771 786 2814 α
826 2733 1062 2848 quale
1111 2736 1197 2822 id
1240 2769 1493 2852 genus
1545 2742 1637 2823 sit
1691 2772 1950 2855 poenae
2011 2776 2099 2826 ».
2149 2741 2603 2856 Comperto
2658 2740 2856 2824 nudi
2907 2740 3260 2822 hominis
3331 2768 3513 2824 cer-

726 2866 994 2949 vicem
1029 2865 1271 2948 inseri
1304 2868 1545 2953 furcae
1573 2927 1603 2973 ,
1642 2897 1936 2982 corpus
1974 2869 2222 2978 virgis
2260 2866 2362 2950 ad
2406 2894 2695 2950 necem
2734 2864 2929 2949 caedi
2957 2924 2985 2968 ‚
3026 2868 3513 2952 conterritus

558 3010 670 3068 20
730 2991 931 3078 duos
978 2994 1426 3107 pugiones,
1472 3021 1674 3106 quos
1735 2994 2012 3079 secum
2067 2989 2420 3099 tulerat,
2468 2993 2794 3105 arripit3
2842 2992 3252 3102 utriusque
3334 2994 3515 3077 acie

732 3116 1250 3237 praetentata,
1291 3122 1554 3205 rursus
1601 3121 1940 3226 condit,
1985 3119 2348 3207 causatus
2393 3152 2439 3195 <‹
2483 3117 2847 3203 nondum
2889 3116 3148 3201 adesse
3182 3113 3513 3202 fatalem

730 3250 1081 3332 »horam
1120 3281 1209 3334 ».
1255 3244 1616 3335 Subinde
1663 3246 1914 3334 modo
1959 3251 2313 3363 Sporum
2347 3247 2706 3352 hortari,
2748 3278 2793 3322 c<
2828 3269 2921 3330 ut
2956 3239 3380 3329 lamentari
3414 3273 3517 3332 ac

818 3534 839 3564 ¹
883 3525 1243 3601 Anscrrus]
1273 3521 1579 3588 Plutarch.
1597 3524 1665 3587 in
1684 3521 1925 3600 Galba,
1942 3542 2081 3606 pag.
2154 3521 2465 3600 proximam
2500 3519 2694 3583 cellam
2723 3515 2977 3578 decubuit
3028 3534 3160 3592 uper
3178 3514 3367 3608 letiam
3396 3533 3512 3579 mo-·

747 3609 926 3681 1056.
965 3602 1131 3678 Dio,
1175 3605 1419 3679 LXIII,
1457 3624 1597 3694 pag.
1637 3625 1785 3685 727.
2161 3601 2360 3664 dicella
2403 3600 2641 3678 culcitti,
2670 3617 2850 3660 vetere
2880 3595 2977 3674 pal
2999 3597 3050 3658 io
3081 3595 3263 3677 strato
3300 3595 3511 3677 instru-

817 3690 846 3720 ²
882 3683 1208 3760 Eoum-ns]
1247 3681 1419 3759 Dio,
1452 3683 1611 3744 rbid.
2163 3681 2320 3743 aum.
2371 3685 2528 3758 Quae
2572 3678 2829 3761 quidem
2874 3695 3083 3769 neque
3122 3676 3190 3737 in
3240 3675 3517 3741 Annales

817 3769 840 3814 3
885 3760 942 3821 D
963 3783 983 3822 1
1009 3784 1052 3828 v
1071 3782 1160 3823 ER
1176 3780 1248 3823 ‘rx
1269 3785 1303 3824 c
1322 3784 1364 3824 υ
1381 3783 1417 3823 1..
1438 3784 1478 3822 A
1503 3762 1533 3837 ]
1555 3765 1814 3826 Sueton.
1831 3761 1901 3824 in
1930 3761 2083 3824 Ner.
2161 3759 2393 3825 referre
2434 3758 2616 3823 licuit
2664 3760 2750 3823 ob
2804 3770 3211 3837 exiguitatem
3235 3801 3256 3829 ,
3306 3775 3518 3835 neque

734 3840 1045 3916 XLVIII,
1087 3855 1158 3903 ut
1199 3837 1275 3898 ad
1332 3837 1715 3900 diverticulum
1759 3840 1910 3917 viae,
1949 3859 2086 3917 quae
2163 3840 2266 3903 hic
2309 3837 2485 3902 filere
2539 3840 2626 3902 ob
2664 3835 3019 3902 historicam
3072 3833 3403 3898 veritatem
3445 3834 3521 3898 δε

737 3918 819 3980 ad
841 3917 1136 3982 Phaontis
1165 3917 1583 3983 suburbanum
1606 3919 1912 3991 ducebat,
1954 3939 2088 3979 ven·
2164 3918 2464 4000 singulare
2503 3916 2770 3982 fortunae
2812 3914 3168 3995 exemplum
3211 3933 3283 3975 ac
3316 3913 3521 3974 docu-

739 4013 857 4056 turn
895 3996 1003 4077 est,
1041 3994 1260 4078 dinuffis
1299 3998 1450 4077 equis
1473 4044 1492 4073 ,
1539 4000 1689 4061 inter
1705 3995 1979 4073 fruticeta
2019 4016 2089 4056 ac
2165 4014 2472 4061 mentum.
2505 3998 2603 4060 De
2633 3994 2891 4060 ἀεεοᾶἑ
2913 4015 2947 4057 a
2995 3992 3115 4067 ui,
3153 3991 3326 4074 quod
3378 3992 3522 4053 Ne·-

741 4093 973 4150 vepres‚
1011 4095 1111 4150 per
1138 4073 1457 4137 arundineti
1484 4077 1744 4158 semitam
1773 4097 1959 4158 oegre,
1987 4095 2090 4137 nec
2167 4076 2342 4143 tonis
2382 4076 2719 4140 inventum
2751 4072 2908 4150 fuit,
2952 4014 3023 4137 ἓ(
3066 4070 3523 4162 subtilissimum

745 4151 852 4291 nihi
873 4152 1057 4233 strata
1080 4153 1185 4234 sub
1230 4153 1459 4231 pedibus
1517 4156 1693 4238 veste,
1732 4153 1809 4215 ad
1847 4155 2093 4235 averfitm
2168 4155 2513 4236 voluptatis
2550 4156 3019 4234 adjumentum,
3053 4153 3228 4232 plura
3249 4152 3401 4213 vrde
3423 4168 3522 4210 m-

746 4252 806 4294 νι
850 4253 897 4292 ae
936 4231 1202 4307 parietem
1243 4233 1434 4316 evasit.
1477 4234 1568 4297 Ibi
1603 4237 1860 4297 hortante
1913 4233 2094 4296 eodem
2171 4236 2268 4300 fra
2299 4235 2465 4299 inter
2486 4236 2818 4299 Anecdota
2869 4232 2949 4294 de
2976 4233 3266 4293 Nerone.

747 4308 1003 4371 Phaonte
1022 4357 1044 4386 ,
1097 4329 1157 4372 ut
1177 4312 1396 4374 interim
1433 4314 1494 4374 in
1501 4316 1728 4395 specum
1754 4313 1943 4397 egestoe
1968 4335 2096 4375 are-
2251 4324 2284 4365 4
2323 4320 2460 4379 Aur
2486 4316 2805 4389 ιειτυωτ]
2832 4314 3093 4373 Sueton.
3125 4309 3251 4371 loc.
3278 4301 3524 4394 cit.·Fa-

749 4409 841 4450 nae
883 4387 1233 4469 concederet,
1259 4393 1490 4475 negavit
1516 4394 1582 4475 se
1625 4396 1812 4456 vivum
1833 4391 1940 4473 fieb
1975 4413 2095 4454 ter·
2172 4415 2355 4474 meque
2379 4394 2603 4456 interim
2636 4387 3053 4463 interpellante,
3082 4403 3279 4461 panem
3310 4379 3524 4460 quidem

747 4487 874 4529 ram
914 4469 1115 4529 iturum
1147 4494 1168 4528 .-
1216 4492 1285 4531 ac
1333 4491 1626 4547 parumper
1692 4489 2095 4551 commoratus,
2160 4470 2445 4554 sordidum
2468 4470 2710 4531 oblatum
2748 4466 3071 4554 aspernatus
3096 4462 3201 4542 est,
3243 4478 3396 4540 ‘241¹oe
3420 4479 3527 4520 ‘²¹⁴‘

749 4545 881 4607 dum
911 4545 1276 4630 clandestinus
1301 4548 1376 4609 ad
1403 4549 1595 4609 villam
1629 4550 1891 4610 introitus
1917 4569 2098 4623 para-
2179 4570 2285 4613 tem
2300 4549 2498 4626 tepidae
2519 4542 2918 4626 aliquantulum
2948 4540 3105 4630 bzbgt.

748 4643 905 4687 retur
927 4674 947 4703 ,
975 4647 1172 4708 aquam
1207 4651 1279 4690 ex
1297 4627 1540 4707 ficbjec‘la
1574 4627 1777 4687 lacuna
1808 4644 2100 4701 potaturus
2261 4639 2280 4685 5
2331 4632 2635 4692 Senonum
2666 4626 2697 4701 ]
2736 4625 2995 4684 Sueton.
3026 4639 3096 4680 m
3122 4616 3533 4682 Net.XL1x.

747 4724 918 4765 manu
954 4704 1062 4766 hau
1085 4726 1165 4768 tt.-
1197 4707 1259 4767 Cr·
1278 4754 1298 4783 ,
1320 4715 1461 4766 Hoec
1480 4704 1587 4784 est,
1613 4703 1792 4783 inquit
1814 4750 1834 4779 ,
1853 4703 2103 4764 Neronis
2184 4725 2322 4768 eam
2347 4704 2618 4781 dimensus
2652 4699 2726 4760 ad
2754 4698 2992 4773 corporis
3007 4697 3101 4777 Jui
3116 4691 3414 4788 modulum.

749 4782 991 4844 decofla.
1110 4784 1269 4844 einde
1331 4782 1550 4845 divulsa
1571 4780 1827 4862 sentibus
1880 4779 2104 4854 paenulti
2262 4785 2293 4823 ⁶
2333 4786 2548 4843 Peneo
2576 4784 2604 4856 ]
2630 4783 2895 4840 Sueton.
2920 4778 3049 4841 loc.
3075 4790 3183 4839 crt-

755 4859 1276 4937 trajeelossurculos
1311 4861 1443 4954 rasit
1461 4887 1480 4920 .·
1501 4880 1662 4942 atque
1695 4859 1779 4922 ita
1798 4856 2105 4938 quadrupes
2263 4870 2293 4912 7
2333 4860 2705 4937 anurx'r]
2734 4856 2882 4921 Haec
2904 4857 2976 4924 ὃ(
3003 4853 3177 4937 seqq.
3202 4849 3544 4922 Suetonius

754 4954 857 5016 per
880 4936 1169 5017 angustias
1214 4939 1407 5023 effiſjae
1447 4959 1701 5007 cavernoe
1745 4953 1995 5029 recegtus
2040 4935 2105 5001 in
2186 4936 2316 5004 loc·
2343 4933 2456 5013 cit!
2853 5022 2912 5110 S
2939 5017 2988 5102 s
3022 5014 3075 5037 θ’

3544 694 3610 745 A.
3629 698 3693 746 U.
3714 698 3782 750 C.

3585 787 3737 848 818.

3593 901 3732 953 J·C·

3572 991 3721 1067 ·65·
