4975 6149
961 352 1611 444 ANNALIUM
1672 360 2017 453 LIBER
2082 365 2595 462 DECIMUS
2664 380 3231 494 QUARTUS,
3316 424 3344 475 1
3369 426 3417 497 7
3431 424 3474 503 ς

698 527 788 608 ὃς
824 546 1187 634 apertam
1233 517 1658 635 planitiem
1705 529 1857 613 effe
1885 531 2106 634 ,fine
2153 562 2378 619 metu
2412 540 2896 633 infidiarum.
2928 550 3187 664 Igitur
3219 553 3480 671 Iegio-
3527 591 3765 637 ιιι-Ξ

699 649 964 733 narius
990 646 1366 758 frequens
1399 651 1856 752 ordinibus;
1891 653 2095 744 levis
2134 663 2442 748 circum
2466 697 2858 759 armatura
2880 737 2909 780 ,
2937 680 3475 795 conglobatus
3527 674 3593 726 Α·
3613 678 3675 726 ⁰·
3699 675 3759 725 C·

698 805 843 891 pro
908 774 1294 860 cornibus
1354 805 1595 887 eques
1631 782 1949 869 adstitit.
1981 789 2095 870 At
2132 789 2704 877 Britannorum
2744 807 2995 915 copiae
3025 812 3293 920 paffim
3334 845 3475 928 per
3528 768 3565 828 8
3577 785 3610 932 π’
3625 788 3693 931 ’ἓ

700 928 1063 987 catervas
1103 911 1188 986 ὅ(
1224 931 1525 989 turmas
1557 907 2063 1020 exsultabant
2085 976 2113 1017 ,
2153 945 2446 1027 quanta
2479 951 2647 1005 non
2686 922 2876 1010 alias
2909 932 3353 1030 multitudo
3389 954 3408 989 ¹
3442 973 3471 1041 3
3588 914 3709 1035 ἐζ

597 1042 644 1122 5
703 1037 784 1113 δε
835 1032 1108 1114 animo
1152 1029 1355 1115 adeo
1407 1032 1585 1118 fero
1618 1096 1645 1139 ,
1702 1064 1792 1121 ut
1842 1037 2232 1155 conjuges
2294 1075 2616 1157 quoque
2664 1054 2894 1137 testes
2941 1059 3287 1143 vidioriae
3342 1067 3469 1152 se·-

700 1186 889 1239 cum
919 1160 1366 1261 traherent,
1410 1158 1923 1275 plaustrisque
1951 1170 2507 1284 imponerent,
2551 1207 2717 1287 quae
2748 1180 2982 1295 super
3017 1214 3470 1280 extremum

695 1282 1091 1367 ambitum
1148 1288 1412 1400 campi
1465 1289 1918 1402 posuerant.

708 1464 713 1473 -
822 1411 1225 1516 XXXV.
1291 1414 1883 1525 BounlcEA,
1931 1450 2172 1505 curru
2218 1422 2420 1510 filias
2484 1459 2638 1543 prae
2711 1432 2792 1517 se
2863 1440 3167 1527 vehens
3231 1452 3315 1549 ²,
3370 1476 3465 1534 ut

699 1566 1095 1650 quamque
1155 1543 1570 1625 nationem
1626 1548 2106 1651 accesserat,
2184 1584 2228 1625 (ι
2269 1551 2599 1638 solitum
2662 1560 2985 1668 quidem
3056 1568 3460 1660 Britannis

554 1689 644 1745 ιο
695 1665 1238 1751 »feminarum
1273 1667 1512 1752 ductu
1555 1669 1859 1758 bellare
1885 1708 1928 1751 »
1981 1674 2406 1762 testabatur
2450 1690 2472 1739 ³
2511 1711 2540 1778 3
2573 1784 2576 1785 f
2612 1718 2658 1759 «
2688 1686 2821 1771 sed
2858 1713 3055 1775 tunc
3096 1726 3264 1780 non
3296 1759 3323 1802 ,
3367 1728 3461 1785 ut

688 1796 999 1877 »tantis
1050 1790 1480 1903 majoribus
1521 1824 1833 1904 ortam,
1870 1830 2208 1913 regnum
2257 1813 2340 1889 &
2384 1836 2627 1921 opes3
2698 1817 2974 1897 verum
3002 1876 3030 1920 ,
3074 1849 3164 1903 ut
3211 1845 3458 1911 unam

688 1948 798 2002 »e
851 1919 1105 2032 vulgo
1134 1981 1164 2026 ,
1197 1919 1648 2008 libertatem
1705 1929 2097 2032 amissam,
2130 1933 2596 2017 'conseQum
2627 1936 3084 2027 verberibus
3119 1978 3455 2065 corpuS,

687 2051 1328 2132 »contrefitatam
1376 2049 1720 2135 filiarum
1777 2056 2248 2170 pudicitiam
2290 2058 2602 2146 ulcisci.
2655 2062 2780 2148 Εὸ
2839 2075 3249 2179 Ρτονεὲἶειε
3288 2080 3457 2163 Ro·

688 2204 1174 2260 »manorum
1204 2180 1622 2291 cupidines
1648 2240 1675 2283 ,
1720 2207 1811 2264 ut
1848 2212 2016 2266 non
2064 2215 2403 2299 corpora
2431 2247 2460 2290 ,
2502 2217 2603 2270 ne
2642 2190 3032 2275 senefitam
3074 2200 3397 2307 quidem
3421 2262 3453 2307 ,

538 2316 625 2396 ις
683 2327 884 2386 »aut
931 2305 1472 2415 virginitatem
1516 2305 2029 2420 impollutam
2080 2309 2564 2421 relinquant.
2602 2316 2891 2402 Adeffe
2934 2345 3205 2405 tamen
3253 2326 3451 2414 deos

679 2425 951 2536 »justae
994 2431 1409 2515 vindictae:
1466 2433 1837 2519 cecidisse
1892 2434 2300 2548 legionem
2329 2498 2357 2542 ,
2423 2470 2590 2550 quae
2646 2440 3025 2556 proelium
3075 2452 3261 2536 ausa
3309 2456 3450 2540 sit:

678 2584 1057 2644 »ceteros
1101 2560 1362 2644 castris
1414 2558 1870 2667 occultari,
1902 2589 2040 2647 aut
2085 2563 2358 2678 fugam
2404 2569 3052 2684 circumspicere.
3081 2577 3220 2659 Ne
3258 2581 3451 2664 stre·-

678 2688 1001 2801 »pitum
1050 2686 1375 2797 quidem
1432 2695 1515 2771 δε
1562 2686 2005 2774 clamorem
2063 2717 2193 2777 tot
2254 2690 2606 2777 millium
2634 2754 2664 2798 ,
2737 2697 3034 2783 nedum
3098 2704 3451 2818 impetus

679 2820 826 2896 »Bt
870 2842 1152 2897 manus
1204 2814 1674 2929 perlaturos».
1731 2819 1819 2899 Si
1883 2822 2155 2933 copias
2224 2846 2771 2928 armatorum,
2817 2824 2873 2904 fi
2917 2826 3188 2913 causas
3246 2829 3448 2918 belli

520 2953 627 3008 20
680 2972 724 3015 2>
746 2941 1015 3024 secum
1052 2942 1642 3056 expenderent,
1667 2945 2161 3028 vincendum
2190 2942 2332 3029 illa
2368 2950 2542 3031 aci‘e
2559 3008 2586 3051 ,
2616 2947 2752 3033 vel
2779 2952 3229 3040 cadendum
3259 2960 3444 3046 esse.

681 3065 842 3150 »Id
893 3065 1208 3153 mulieri
1259 3069 1734 3155 destinatum
1779 3100 1806 3167 ;
1854 3074 2226 3158 viverent
2286 3077 2497 3178 viri,
2557 3085 2641 3160 &
2702 3076 3118 3166 servirent.

694 3231 705 3264 r
804 3194 1258 3283 XXXVI.
1320 3199 1469 3282 NE
1508 3202 2095 3282 Sum-omos
2138 3202 2467 3310 quidem
2527 3205 2618 3285 ‘in
2689 3227 2918 3287 tanto
2974 3207 3443 3296 discrimine

674 3320 993 3408 filebat:
1032 3326 1211 3435 qui,
1251 3353 1730 3435 quamquam
1758 3326 2204 3411 confideret
2230 3329 2510 3410 virtuti
2547 3387 2577 3432 ,
2628 3354 2898 3413 tamen
2948 3335 3441 3422 exhortatio-

678 3478 816 3534 nes
847 3458 930 3534 &
961 3479 1237 3565 preces
1284 3449 1718 3537 miscebat:
1764 3488 1807 3528 (ι
1833 3455 1944 3537 Ut
1980 3455 2447 3570 spernerent
2480 3454 2814 3539 sonores
2835 3455 3347 3543 barbarorum
3364 3473 3435 3568 4,

523 3581 617 3663 25
675 3584 825 3662 »δε
897 3580 1172 3663 inanes
1221 3581 1476 3663 minas
1522 3613 1539 3661 :
1583 3578 1763 3695 plus
1814 3577 1988 3666 illic
2066 3582 2547 3666 feminarum
2590 3643 2619 3686 ,
2679 3579 2915 3695 quam
2992 3581 3435 3695 juventutis
3550 3585 3568 3600 ”

683 3927 689 3936 .
742 3883 762 3913 ¹
807 3878 1086 3953 Quanta
1139 3897 1266 3940 non
1312 3899 1492 3941 Anas
1562 3878 2005 3954 tantumno]
2082 3878 2277 3944 diceoe
2323 3879 2723 3952 orationem,
2754 3900 2892 3945 non
2919 3882 3163 3958 Taciti,
3210 3880 3313 3945 sed
3351 3882 3433 3945 li·-

667 3950 843 4016 Teste
872 3954 1084 4017 Dione
1110 3957 1312 4018 LXII.
1341 3977 1480 4038 pag.
1512 3978 1658 4036 701.
1684 3956 2004 4021 Boudicca
2078 3959 2434 4023 brar-iorum
2523 3959 2721 4023 exseri
2766 3978 3060 4026 totumve
3142 3961 3383 4026 incuria
3407 4009 3431 4041 ‚

668 4048 919 4094 centum
958 4033 1187 4113 viginti
1232 4034 1431 4097 millia
1475 4034 1809 4099 hominum
1847 4057 2001 4099 coe—
2080 4055 2185 4101 aut
2228 4038 2451 4127 culpa,
2477 4037 2719 4101 admuti
2746 4057 2913 4101 atam
2945 4040 3250 4104 existimat
3281 4041 3431 4119 Lip-

666 4127 874 4212 ἕρπεις
919 4113 975 4171 τὶ
1015 4113 1272 4191 ςράτευμα
1301 4114 1437 4191 &pepi
1485 4114 1697 4177 Nebna
1745 4115 2002 4195 μυριάδας
2079 4115 2217 4179 ssus.
2252 4115 2413 4179 Mihi
2464 4139 2619 4182 veto
2679 4117 2838 4180 alius
2879 4121 3148 4184 omnino
3189 4121 3429 4197 sensus;

665 4215 733 4249 ο.
778 4190 981 4254 Immo
1028 4193 1203 4268 juxta
1258 4194 1550 4256 eumdem
1603 4194 2000 4273 scriptorem,
2080 4216 2427 4277 verumque
2481 4217 2554 4259 ac
2595 4197 2938 4278 genuinum
2975 4197 3184 4262 Taciti
3229 4197 3426 4260 fetum

665 4286 743 4345 pa
790 4312 808 4328 .
856 4288 997 4346 704.
1043 4270 1323 4335 adcrevit
1358 4272 1663 4336 exercitus
1694 4274 1883 4365 usque
1923 4275 2003 4337 ad
2078 4273 2147 4338 in
2204 4274 2279 4337 ea
2324 4277 2622 4355 agnosco.
2676 4275 3072 4357 Longiorcm
3128 4275 3428 4355 quidem,

662 4348 749 4406 mi
780 4345 945 4407 itum
1014 4348 1276 4412 ducenta
1333 4351 1416 4415 tri
1458 4352 1592 4416 inta
1649 4352 1852 4416 millia
1883 4400 1905 4431 ,
1954 4360 2003 4419 ἐς
2079 4353 2181 4416 sed
2212 4374 2546 4430 enervem,
2580 4355 3211 4433 declamatoriamque
3236 4351 3428 4418 habet

660 4429 792 4504 τρεῖς
820 4430 860 4485 e
890 4426 1315 4508 ἄιονιμυριέδοις
1353 4438 1409 4492 ἂν
1452 4460 1554 4513 pm.
2076 4431 2242 4496 Dio:
2319 4453 2461 4496 uam
2515 4450 2763 4510 tamen,
2803 4437 2948 4496 cum
2986 4429 3286 4496 nonnihil
3321 4431 3424 4494 lu·-

728 4515 758 4545 2
805 4505 1048 4567 Cunna
1081 4528 1277 4570 rums
1317 4532 1452 4573 pan:
1478 4533 1545 4572 sn
1578 4514 1999 4587 vanans]Be-
2075 4510 2161 4575 cis
2331 4513 2524 4586 ndat,
2564 4511 2732 4575 inter
2767 4513 2966 4575 Notas
3007 4512 3078 4575 &
3114 4510 3421 4574 Emenda-

661 4598 773 4653 ne,
830 4582 905 4646 &
951 4604 1031 4646 ex
1081 4605 1259 4650 more
1303 4590 1733 4652 barbarorum.
1792 4591 1998 4650 Minus
2073 4589 2281 4652 tiones
2317 4591 2393 4652 ad
2447 4590 2673 4652 Annal.
2715 4592 2894 4667 XIV,
2947 4608 3046 4671 35.
3098 4588 3424 4668 conjicere

662 4661 1073 4738 probabiliter
1112 4664 1244 4728 Dio
1305 4668 1432 4731 loc.
1477 4666 1583 4730 cit.
1631 4666 1719 4729 ait
1765 4667 2000 4730 Boudi-
2071 4666 2235 4729 haud
2276 4667 2537 4748 pigebit.

664 4758 832 4801 ceam
859 4740 1172 4816 tribunal,
1199 4746 1491 4810 Romano
1526 4767 1703 4809 more
1742 4746 2001 4809 exstruc-
2147 4754 2179 4793 4
2217 4749 2508 4810 Senonas
2545 4749 3046 4823 nannaaoauu]
3085 4743 3187 4807 sic
3235 4744 3417 4825 supra

662 4830 827 4891 tum,
868 4821 1313 4885 conscendiffe.
2072 4823 2299 4888 Annal.
2345 4827 2412 4906 1,
2472 4831 2575 4905 65.
2642 4820 2804 4887 Laeto
2849 4841 3018 4887 cantu
3047 4871 3071 4906 ,
3111 4841 3209 4887 aut
3268 4823 3416 4887 truci

736 4906 758 4949 ³
804 4897 1283 4978 ΤεετΛΒΑι-υιι]
1334 4906 1571 4972 Totam
1610 4902 1771 4968 hanc
1823 4903 1999 4968 Bou·
2054 4901 2277 4983 fimore·
